@ARTICLE{young09,
       author = {{Young}, P.~R. and {Watanabe}, T. and {Hara}, H. and {Mariska}, J.~T.},
        title = "{High-precision density measurements in the solar corona. I. Analysis methods and results for Fe XII and Fe XIII}",
      journal = {\aap},
     keywords = {Sun: corona, Sun: UV radiation, Astrophysics},
         year = 2009,
        month = feb,
       volume = {495},
       number = {2},
        pages = {587-606},
          doi = {10.1051/0004-6361:200810143},
archivePrefix = {arXiv},
       eprint = {0805.0958},
 primaryClass = {astro-ph},
       adsurl = {https://ui.adsabs.harvard.edu/abs/2009A&A...495..587Y},
      adsnote = {Provided by the SAO/NASA Astrophysics Data System}
}

@ARTICLE{trujillo07,
   author = {{Trujillo Bueno}, J. and {Asensio Ramos}, A.},
    title = "{Influence of Atomic Polarization and Horizontal Illumination on the Stokes Profiles of the He I 10830 {\AA} Multiplet}",
  journal = {\apj},
   eprint = {astro-ph/0610128},
 keywords = {Magnetic Fields, Polarization, Scattering, Stars: Atmospheres, Sun: Chromosphere},
     year = 2007,
    month = jan,
   volume = 655,
    pages = {642-650},
      doi = {10.1086/509795},
   adsurl = {http://adsabs.harvard.edu/abs/2007ApJ...655..642T},
  adsnote = {Provided by the SAO/NASA Astrophysics Data System}
}
@ARTICLE{zirin75,
   author = {{Zirin}, H.},
    title = "{The helium chromosphere, coronal holes, and stellar X-rays}",
  journal = {\apjl},
 keywords = {Chromosphere, Helium, Solar Corona, Stellar Radiation, X Ray Astronomy, Astronomical Models, D Lines, H Alpha Line, Solar Limb, Solar Spectra},
     year = 1975,
    month = jul,
   volume = 199,
    pages = {L63-L66},
      doi = {10.1086/181849},
   adsurl = {http://adsabs.harvard.edu/abs/1975ApJ...199L..63Z},
  adsnote = {Provided by the SAO/NASA Astrophysics Data System}
}
@ARTICLE{hirayama71,
   author = {{Hirayama}, T.},
    title = "{The Abundance of Helium in Prominences and in the Chromosphere}",
  journal = {\solphys},
     year = 1971,
    month = sep,
   volume = 19,
    pages = {384-400},
      doi = {10.1007/BF00146066},
   adsurl = {http://adsabs.harvard.edu/abs/1971SoPh...19..384H},
  adsnote = {Provided by the SAO/NASA Astrophysics Data System}
}
@ARTICLE{1933LyotMarshall,
   author = {{Lyot}, B. and {Marshall}, R.~K.},
    title = "{The Study of the Solar Corona without an Eclipse}",
  journal = {\jrasc},
     year = 1933,
    month = aug,
   volume = 27,
    pages = {225},
   adsurl = {http://adsabs.harvard.edu/abs/1933JRASC..27..225L},
  adsnote = {Provided by the SAO/NASA Astrophysics Data System}
}
@ARTICLE{1939Grotrian,
   author = {{Grotrian}, W.},
    title = "{Zur Frage der Deutung der Linien im Spektrum der Sonnenkorona}",
  journal = {Naturwissenschaften},
     year = 1939,
    month = mar,
   volume = 27,
    pages = {214-214},
      doi = {10.1007/BF01488890},
   adsurl = {http://adsabs.harvard.edu/abs/1939NW.....27..214G},
  adsnote = {Provided by the SAO/NASA Astrophysics Data System}
}

@ARTICLE{1949Schatzman,
   author = {{Schatzman}, E.},
    title = "{The heating of the solar corona and chromosphere}",
  journal = {Annales d'Astrophysique},
     year = 1949,
    month = jan,
   volume = 12,
    pages = {203},
   adsurl = {http://adsabs.harvard.edu/abs/1949AnAp...12..203S},
  adsnote = {Provided by the SAO/NASA Astrophysics Data System}
}

@ARTICLE{1961Osterbrock,
   author = {{Osterbrock}, D.~E.},
    title = "{The Heating of the Solar Chromosphere, Plages, and Corona by Magnetohydrodynamic Waves.}",
  journal = {\apj},
     year = 1961,
    month = sep,
   volume = 134,
    pages = {347},
      doi = {10.1086/147165},
   adsurl = {http://adsabs.harvard.edu/abs/1961ApJ...134..347O},
  adsnote = {Provided by the SAO/NASA Astrophysics Data System}
}

@ARTICLE{1983Parker,
   author = {{Parker}, E.~N.},
    title = "{Magnetic neutral sheets in evolving fields. I - General theory.}",
  journal = {\apj},
 keywords = {Magnetohydrodynamics, Neutral Sheets, Solar Corona, Solar Magnetic Field, Solar Physics, Conducting Fluids, Energy Dissipation, Fluid Pressure, Hydrostatics, Magnetic Field Configurations},
     year = 1983,
    month = jan,
   volume = 264,
    pages = {635-647},
      doi = {10.1086/160636},
   adsurl = {http://adsabs.harvard.edu/abs/1983ApJ...264..635P},
  adsnote = {Provided by the SAO/NASA Astrophysics Data System}
}
@ARTICLE{1984Schwab_clean,
   author = {{Schwab}, F.~R.},
    title = "{Relaxing the isoplanatism assumption in self-calibration; applications to low-frequency radio interferometry}",
  journal = {\aj},
 keywords = {Calibrating, Low Frequencies, Radio Astronomy, Radio Interferometers, Correlation, Interpolation, Penalty Function},
     year = 1984,
    month = jul,
   volume = 89,
    pages = {1076-1081},
      doi = {10.1086/113605},
   adsurl = {http://adsabs.harvard.edu/abs/1984AJ.....89.1076S},
  adsnote = {Provided by the SAO/NASA Astrophysics Data System}
}
@ARTICLE{1984LinEA_microflares,
   author = {{Lin}, R.~P. and {Schwartz}, R.~A. and {Kane}, S.~R. and {Pelling}, R.~M. and 
	{Hurley}, K.~C.},
    title = "{Solar hard X-ray microflares}",
  journal = {\apj},
 keywords = {Solar Flares, Solar X-Rays, Balloon-Borne Instruments, Energy Spectra, Solar Radio Bursts, X Ray Astronomy},
     year = 1984,
    month = aug,
   volume = 283,
    pages = {421-425},
      doi = {10.1086/162321},
   adsurl = {http://adsabs.harvard.edu/abs/1984ApJ...283..421L},
  adsnote = {Provided by the SAO/NASA Astrophysics Data System}
}

@ARTICLE{1991Hudson,
   author = {{Hudson}, H.~S.},
    title = "{Solar flares, microflares, nanoflares, and coronal heating}",
  journal = {\solphys},
 keywords = {Chromosphere, Energy Transfer, Solar Corona, Solar Flares, Atmospheric Heating, Magnetic Field Reconnection, Solar Physics, Thermal Energy},
     year = 1991,
    month = jun,
   volume = 133,
    pages = {357-369},
      doi = {10.1007/BF00149894},
   adsurl = {http://adsabs.harvard.edu/abs/1991SoPh..133..357H},
  adsnote = {Provided by the SAO/NASA Astrophysics Data System}
}
@ARTICLE{1992Brown,
   author = {{Brown}, T.~M. and {Bogdan}, T.~J. and {Lites}, B.~W. and {Thomas}, J.~H.
	},
    title = "{Localized sources of propagating acoustic waves in the solar photosphere}",
  journal = {\apjl},
 keywords = {Photosphere, Solar Atmosphere, Sound Waves, Sunspots, Doppler Effect, P Waves, Solar Spectra, Spectrum Analysis, Temporal Distribution, Time Series Analysis},
     year = 1992,
    month = aug,
   volume = 394,
    pages = {L65-L68},
      doi = {10.1086/186473},
   adsurl = {http://adsabs.harvard.edu/abs/1992ApJ...394L..65B},
  adsnote = {Provided by the SAO/NASA Astrophysics Data System}
}

@ARTICLE{1992ShimizuEA,
   author = {{Shimizu}, T. and {Tsuneta}, S. and {Acton}, L.~W. and {Lemen}, J.~R. and 
	{Uchida}, Y.},
    title = "{Transient brightenings in active regions observed by the Soft X-ray Telescope on YOHKOH}",
  journal = {\pasj},
 keywords = {BRIGHTNESS DISTRIBUTION, EMISSION SPECTRA, SOLAR ACTIVITY, SOLAR MAGNETIC FIELD, SPACEBORNE TELESCOPES, X RAY TELESCOPES, JAPANESE SPACECRAFT, TRANSIENT RESPONSE},
     year = 1992,
    month = oct,
   volume = 44,
    pages = {L147-L153},
   adsurl = {http://adsabs.harvard.edu/abs/1992PASJ...44L.147S},
  adsnote = {Provided by the SAO/NASA Astrophysics Data System}
}

@ARTICLE{1995Shimizu,
   author = {{Shimizu}, T.},
    title = "{Energetics and Occurrence Rate of Active-Region Transient Brightenings and Implications for the Heating of the Active-Region Corona}",
  journal = {\pasj},
 keywords = {ACTIVE REGIONS, CORONAL HEATING, SUN: ACTIVITY SUN: CORONA, SUN: X-RAYS},
     year = 1995,
    month = apr,
   volume = 47,
    pages = {251-263},
   adsurl = {http://adsabs.harvard.edu/abs/1995PASJ...47..251S},
  adsnote = {Provided by the SAO/NASA Astrophysics Data System}
}
@ARTICLE{1995Charbonneau_Pikaia,
   author = {{Charbonneau}, P.},
    title = "{Genetic Algorithms in Astronomy and Astrophysics}",
  journal = {\apjs},
 keywords = {GALAXIES: KINEMATICS AND DYNAMICS, METHODS: NUMERICAL, STARS: MASS LOSS, STARS: OSCILLATIONS},
     year = 1995,
    month = dec,
   volume = 101,
    pages = {309},
      doi = {10.1086/192242},
   adsurl = {http://adsabs.harvard.edu/abs/1995ApJS..101..309C},
  adsnote = {Provided by the SAO/NASA Astrophysics Data System}
}
@ARTICLE{1997GaryEA,
   author = {{Gary}, D.~E. and {Hartl}, M.~D. and {Shimizu}, T.},
    title = "{Nonthermal Radio Emission from Solar Soft X-Ray Transient Brightenings}",
  journal = {\apj},
 keywords = {SUN: RADIO RADIATION, SUN: X-RAYS, GAMMA RAYS},
     year = 1997,
    month = mar,
   volume = 477,
    pages = {958},
      doi = {10.1086/303748},
   adsurl = {http://adsabs.harvard.edu/abs/1997ApJ...477..958G},
  adsnote = {Provided by the SAO/NASA Astrophysics Data System}
}
@ARTICLE{1998FreelandHandy_SSW,
   author = {{Freeland}, S.~L. and {Handy}, B.~N.},
    title = "{Data Analysis with the SolarSoft System}",
  journal = {\solphys},
     year = 1998,
    month = oct,
   volume = 182,
    pages = {497-500},
      doi = {10.1023/A:1005038224881},
   adsurl = {http://adsabs.harvard.edu/abs/1998SoPh..182..497F},
  adsnote = {Provided by the SAO/NASA Astrophysics Data System}
}

@ARTICLE{2001Arber,
   author = {{Arber}, T.~D. and {Longbottom}, A.~W. and {Gerrard}, C.~L. and 
	{Milne}, A.~M.},
    title = "{A Staggered Grid, Lagrangian-Eulerian Remap Code for 3-D MHD Simulations}",
  journal = {Journal of Computational Physics},
     year = 2001,
    month = jul,
   volume = 171,
    pages = {151-181},
      doi = {10.1006/jcph.2001.6780},
   adsurl = {http://adsabs.harvard.edu/abs/2001JCoPh.171..151A},
  adsnote = {Provided by the SAO/NASA Astrophysics Data System}
}

@ARTICLE{2001Uitenbroek,
       author = {{Uitenbroek}, H.},
        title = "{Multilevel Radiative Transfer with Partial Frequency Redistribution}",
      journal = {\apj},
     keywords = {Line: Formation, Methods: Numerical, Radiative Transfer, Stars: Atmospheres, Sun: Atmosphere},
         year = "2001",
        month = "Aug",
       volume = {557},
       number = {1},
        pages = {389-398},
          doi = {10.1086/321659},
       adsurl = {https://ui.adsabs.harvard.edu/abs/2001ApJ...557..389U},
      adsnote = {Provided by the SAO/NASA Astrophysics Data System}
}


@INPROCEEDINGS{2004Rimmele_SPIE,
   author = {{Rimmele}, T.~R.},
    title = "{Recent advances in solar adaptive optics}",
booktitle = {Advancements in Adaptive Optics},
     year = 2004,
   series = {\procspie},
   volume = 5490,
   editor = {{Bonaccini Calia}, D. and {Ellerbroek}, B.~L. and {Ragazzoni}, R.
	},
    month = oct,
    pages = {34-46},
      doi = {10.1117/12.551764},
   adsurl = {http://adsabs.harvard.edu/abs/2004SPIE.5490...34R},
  adsnote = {Provided by the SAO/NASA Astrophysics Data System}
}

@INPROCEEDINGS{2004Shimizu,
   author = {{Shimizu}, T.},
    title = "{Multi-wavelength observations of microflares and emerging flux with YOHKOH/SXT}",
booktitle = {Multi-Wavelength Investigations of Solar Activity},
     year = 2004,
   series = {IAU Symposium},
   volume = 223,
   editor = {{Stepanov}, A.~V. and {Benevolenskaya}, E.~E. and {Kosovichev}, A.~G.
	},
    pages = {345-352},
      doi = {10.1017/S1743921304006118},
   adsurl = {http://adsabs.harvard.edu/abs/2004IAUS..223..345S},
  adsnote = {Provided by the SAO/NASA Astrophysics Data System}
}


@ARTICLE{2006Cavallini_IBIS,
   author = {{Cavallini}, F.},
    title = "{IBIS: A New Post-Focus Instrument for Solar Imaging Spectroscopy}",
  journal = {\solphys},
     year = 2006,
    month = jul,
   volume = 236,
    pages = {415-439},
      doi = {10.1007/s11207-006-0103-8},
   adsurl = {http://adsabs.harvard.edu/abs/2006SoPh..236..415C},
  adsnote = {Provided by the SAO/NASA Astrophysics Data System}
}

@ARTICLE{2006Schunker,
   author = {{Schunker}, H. and {Cally}, P.~S.},
    title = "{Magnetic field inclination and atmospheric oscillations above solar active regions}",
  journal = {\mnras},
 keywords = {MHD , Sun: helioseismology , Sun: magnetic fields , sunspots},
     year = 2006,
    month = oct,
   volume = 372,
    pages = {551-564},
      doi = {10.1111/j.1365-2966.2006.10855.x},
   adsurl = {http://adsabs.harvard.edu/abs/2006MNRAS.372..551S},
  adsnote = {Provided by the SAO/NASA Astrophysics Data System}
}

@ARTICLE{2007KosugiEA_Hinode,
   author = {{Kosugi}, T. and {Matsuzaki}, K. and {Sakao}, T. and {Shimizu}, T. and 
	{Sone}, Y. and {Tachikawa}, S. and {Hashimoto}, T. and {Minesugi}, K. and 
	{Ohnishi}, A. and {Yamada}, T. and {Tsuneta}, S. and {Hara}, H. and 
	{Ichimoto}, K. and {Suematsu}, Y. and {Shimojo}, M. and {Watanabe}, T. and 
	{Shimada}, S. and {Davis}, J.~M. and {Hill}, L.~D. and {Owens}, J.~K. and 
	{Title}, A.~M. and {Culhane}, J.~L. and {Harra}, L.~K. and {Doschek}, G.~A. and 
	{Golub}, L.},
    title = "{The Hinode (Solar-B) Mission: An Overview}",
  journal = {\solphys},
     year = 2007,
    month = jun,
   volume = 243,
    pages = {3-17},
      doi = {10.1007/s11207-007-9014-6},
   adsurl = {http://ads.nao.ac.jp/abs/2007SoPh..243....3K},
  adsnote = {Provided by the SAO/NASA Astrophysics Data System}
}
@ARTICLE{2007CulhaneEA_EIS,
   author = {{Culhane}, J.~L. and {Harra}, L.~K. and {James}, A.~M. and {Al-Janabi}, K. and 
	{Bradley}, L.~J. and {Chaudry}, R.~A. and {Rees}, K. and {Tandy}, J.~A. and 
	{Thomas}, P. and {Whillock}, M.~C.~R. and {Winter}, B. and {Doschek}, G.~A. and 
	{Korendyke}, C.~M. and {Brown}, C.~M. and {Myers}, S. and {Mariska}, J. and 
	{Seely}, J. and {Lang}, J. and {Kent}, B.~J. and {Shaughnessy}, B.~M. and 
	{Young}, P.~R. and {Simnett}, G.~M. and {Castelli}, C.~M. and 
	{Mahmoud}, S. and {Mapson-Menard}, H. and {Probyn}, B.~J. and 
	{Thomas}, R.~J. and {Davila}, J. and {Dere}, K. and {Windt}, D. and 
	{Shea}, J. and {Hagood}, R. and {Moye}, R. and {Hara}, H. and 
	{Watanabe}, T. and {Matsuzaki}, K. and {Kosugi}, T. and {Hansteen}, V. and 
	{Wikstol}, {\O}.},
    title = "{The EUV Imaging Spectrometer for Hinode}",
  journal = {\solphys},
     year = 2007,
    month = jun,
   volume = 243,
    pages = {19-61},
      doi = {10.1007/s01007-007-0293-1},
   adsurl = {http://ads.nao.ac.jp/abs/2007SoPh..243...19C},
  adsnote = {Provided by the SAO/NASA Astrophysics Data System}
}
@ARTICLE{2007GolubEA_XRT,
   author = {{Golub}, L. and {Deluca}, E. and {Austin}, G. and {Bookbinder}, J. and 
	{Caldwell}, D. and {Cheimets}, P. and {Cirtain}, J. and {Cosmo}, M. and 
	{Reid}, P. and {Sette}, A. and {Weber}, M. and {Sakao}, T. and 
	{Kano}, R. and {Shibasaki}, K. and {Hara}, H. and {Tsuneta}, S. and 
	{Kumagai}, K. and {Tamura}, T. and {Shimojo}, M. and {McCracken}, J. and 
	{Carpenter}, J. and {Haight}, H. and {Siler}, R. and {Wright}, E. and 
	{Tucker}, J. and {Rutledge}, H. and {Barbera}, M. and {Peres}, G. and 
	{Varisco}, S.},
    title = "{The X-Ray Telescope (XRT) for the Hinode Mission}",
  journal = {\solphys},
     year = 2007,
    month = jun,
   volume = 243,
    pages = {63-86},
      doi = {10.1007/s11207-007-0182-1},
   adsurl = {http://ads.nao.ac.jp/abs/2007SoPh..243...63G},
  adsnote = {Provided by the SAO/NASA Astrophysics Data System}
}

@ARTICLE{2007Young,
       author = {{Young}, Peter R. and {Del Zanna}, Giulio and {Mason}, Helen E. and
         {Dere}, Ken P. and {Landi}, Enrico and {Landini}, Massimo and
         {Doschek}, George A. and {Brown}, Charles M. and {Culhane}, Len and
         {Harra}, Louise K. and {Watanabe}, Tetsuya and {Hara}, Hirohisa},
        title = "{EUV Emission Lines and Diagnostics Observed with Hinode/EIS}",
      journal = {\pasj},
     keywords = {line: identification, Sun: corona, Sun: transition region, Sun: UV radiation, Astrophysics},
         year = "2007",
        month = "Nov",
       volume = {59},
        pages = {S857},
          doi = {10.1093/pasj/59.sp3.S857},
archivePrefix = {arXiv},
       eprint = {0706.1857},
 primaryClass = {astro-ph},
       adsurl = {https://ui.adsabs.harvard.edu/abs/2007PASJ...59S.857Y},
      adsnote = {Provided by the SAO/NASA Astrophysics Data System}
}

@ARTICLE{2008Cauzzi,
   author = {{Cauzzi}, G. and {Reardon}, K.~P. and {Uitenbroek}, H. and {Cavallini}, F. and 
	{Falchi}, A. and {Falciani}, R. and {Janssen}, K. and {Rimmele}, T. and 
	{Vecchio}, A. and {W{\"o}ger}, F.},
    title = "{The solar chromosphere at high resolution with IBIS. I. New insights from the Ca II 854.2 nm line}",
  journal = {\aap},
archivePrefix = "arXiv",
   eprint = {0709.2417},
 keywords = {Sun: chromosphere, Sun: magnetic fields, instrumentation: high angular, resolution, instrumentation: interferometers},
     year = 2008,
    month = mar,
   volume = 480,
    pages = {515-526},
      doi = {10.1051/0004-6361:20078642},
   adsurl = {http://adsabs.harvard.edu/abs/2008A%26A...480..515C},
  adsnote = {Provided by the SAO/NASA Astrophysics Data System}
}
@ARTICLE{2009Cauzzi,
       author = {{Cauzzi}, G. and {Reardon}, K. and {Rutten}, R.~J. and {Tritschler}, A. and
         {Uitenbroek}, H.},
        title = "{The solar chromosphere at high resolution with IBIS. IV. Dual-line evidence of heating in chromospheric network}",
      journal = {\aap},
     keywords = {Sun: photosphere, Sun: chromosphere, Sun: magnetic fields, Sun: faculae, plages, Astrophysics - Solar and Stellar Astrophysics},
         year = "2009",
        month = "Aug",
       volume = {503},
       number = {2},
        pages = {577-587},
          doi = {10.1051/0004-6361/200811595},
archivePrefix = {arXiv},
       eprint = {0906.2083},
 primaryClass = {astro-ph.SR},
       adsurl = {https://ui.adsabs.harvard.edu/abs/2009A&A...503..577C},
      adsnote = {Provided by the SAO/NASA Astrophysics Data System}
}
@ARTICLE{2008TsunetaEA_SOT,
   author = {{Tsuneta}, S. and {Ichimoto}, K. and {Katsukawa}, Y. and {Nagata}, S. and 
	{Otsubo}, M. and {Shimizu}, T. and {Suematsu}, Y. and {Nakagiri}, M. and 
	{Noguchi}, M. and {Tarbell}, T. and {Title}, A. and {Shine}, R. and 
	{Rosenberg}, W. and {Hoffmann}, C. and {Jurcevich}, B. and {Kushner}, G. and 
	{Levay}, M. and {Lites}, B. and {Elmore}, D. and {Matsushita}, T. and 
	{Kawaguchi}, N. and {Saito}, H. and {Mikami}, I. and {Hill}, L.~D. and 
	{Owens}, J.~K.},
    title = "{The Solar Optical Telescope for the Hinode Mission: An Overview}",
  journal = {\solphys},
archivePrefix = "arXiv",
   eprint = {0711.1715},
 keywords = {Solar-B, Hinode, Sun: magnetic fields, Sun: photosphere, Sun: chromosphere, Sun: MHD},
     year = 2008,
    month = jun,
   volume = 249,
    pages = {167-196},
      doi = {10.1007/s11207-008-9174-z},
   adsurl = {http://adsabs.harvard.edu/abs/2008SoPh..249..167T},
  adsnote = {Provided by the SAO/NASA Astrophysics Data System}
}
ARTICLE{2008KanoEA_XRT2,
   author = {{Kano}, R. and {Sakao}, T. and {Hara}, H. and {Tsuneta}, S. and 
	{Matsuzaki}, K. and {Kumagai}, K. and {Shimojo}, M. and {Minesugi}, K. and 
	{Shibasaki}, K. and {Deluca}, E.~E. and {Golub}, L. and {Bookbinder}, J. and 
	{Caldwell}, D. and {Cheimets}, P. and {Cirtain}, J. and {Dennis}, E. and 
	{Kent}, T. and {Weber}, M.},
    title = "{The Hinode X-Ray Telescope (XRT): Camera Design, Performance and Operations}",
  journal = {\solphys},
 keywords = {Sun: corona, Sun: X-rays},
     year = 2008,
    month = jun,
   volume = 249,
    pages = {263-279},
      doi = {10.1007/s11207-007-9058-7},
   adsurl = {http://adsabs.harvard.edu/abs/2008SoPh..249..263K},
  adsnote = {Provided by the SAO/NASA Astrophysics Data System}
}

@ARTICLE{2008MariskaEA_EISDopplerOscillations,
   author = {{Mariska}, J.~T. and {Warren}, H.~P. and {Williams}, D.~R. and 
	{Watanabe}, T.},
    title = "{Observations of Doppler Shift Oscillations with the EUV Imaging Spectrometer on Hinode}",
  journal = {\apjl},
archivePrefix = "arXiv",
   eprint = {0806.0265},
 keywords = {Sun: corona, Sun: oscillations, Sun: UV radiation},
     year = 2008,
    month = jul,
   volume = 681,
      eid = {L41},
    pages = {L41},
      doi = {10.1086/590341},
   adsurl = {http://adsabs.harvard.edu/abs/2008ApJ...681L..41M},
  adsnote = {Provided by the SAO/NASA Astrophysics Data System}
}

@ARTICLE{2008KlimchukEA_EBTEL1,
   author = {{Klimchuk}, J.~A. and {Patsourakos}, S. and {Cargill}, P.~J.
	},
    title = "{Highly Efficient Modeling of Dynamic Coronal Loops}",
  journal = {\apj},
archivePrefix = "arXiv",
   eprint = {0710.0185},
 keywords = {Hydrodynamics, Methods: Numerical, Stars: Coronae, Sun: Corona, Sun: Transition Region},
     year = 2008,
    month = aug,
   volume = 682,
    pages = {1351-1362},
      doi = {10.1086/589426},
   adsurl = {http://adsabs.harvard.edu/abs/2008ApJ...682.1351K},
  adsnote = {Provided by the SAO/NASA Astrophysics Data System}
}

@ARTICLE{2008WoegerEA_Speckle,
   author = {{W{\"o}ger}, F. and {von der L{\"u}he}, O. and {Reardon}, K.
	},
    title = "{Speckle interferometry with adaptive optics corrected solar data}",
  journal = {\aap},
 keywords = {techniques: high angular resolution, techniques: image processing, techniques: interferometric, sun: photosphere},
     year = 2008,
    month = sep,
   volume = 488,
    pages = {375-381},
      doi = {10.1051/0004-6361:200809894},
   adsurl = {http://adsabs.harvard.edu/abs/2008A%26A...488..375W},
  adsnote = {Provided by the SAO/NASA Astrophysics Data System}
}

@INBOOK{2008WoegerSPIE,
       author = {{W{\"o}ger}, Friedrich and {von der L{\"u}he}, Oskar, II},
        title = "{KISIP: a software package for speckle interferometry of adaptive optics corrected solar data}",
    booktitle = {\procspie},
         year = "2008",
       volume = {7019},
       series = {Society of Photo-Optical Instrumentation Engineers (SPIE) Conference Series},
          eid = {70191E},
        pages = {70191E},
          doi = {10.1117/12.788062},
       adsurl = {https://ui.adsabs.harvard.edu/abs/2008SPIE.7019E..1EW},
      adsnote = {Provided by the SAO/NASA Astrophysics Data System}
}


@ARTICLE{Tomczyk:2009,
   author = {{Tomczyk}, S. and {McIntosh}, S.~W.},
    title = "{Time-Distance Seismology of the Solar Corona with CoMP}",
  journal = {\apj},
archivePrefix = "arXiv",
   eprint = {0903.2002},
 primaryClass = "astro-ph.SR",
 keywords = {solar wind, Sun: corona, Sun: magnetic fields},
     year = 2009,
    month = jun,
   volume = 697,
    pages = {1384-1391},
      doi = {10.1088/0004-637X/697/2/1384},
   adsurl = {http://adsabs.harvard.edu/abs/2009ApJ...697.1384T},
  adsnote = {Provided by the SAO/NASA Astrophysics Data System}
}

@ARTICLE{2009WootenThompson_ALMA,
   author = {{Wootten}, A. and {Thompson}, A.~R.},
    title = "{The Atacama Large Millimeter/Submillimeter Array}",
  journal = {IEEE Proceedings},
archivePrefix = "arXiv",
   eprint = {0904.3739},
 primaryClass = "astro-ph.IM",
     year = 2009,
    month = aug,
   volume = 97,
    pages = {1463-1471},
      doi = {10.1109/JPROC.2009.2020572},
   adsurl = {http://adsabs.harvard.edu/abs/2009IEEEP..97.1463W},
  adsnote = {Provided by the SAO/NASA Astrophysics Data System}
}

@ARTICLE{2010JaeggliEA_FIRS,
   author = {{Jaeggli}, S.~A. and {Lin}, H. and {Mickey}, D.~L. and {Kuhn}, J.~R. and 
	{Hegwer}, S.~L. and {Rimmele}, T.~R. and {Penn}, M.~J.},
    title = "{FIRS: a new instrument for photospheric and chromospheric studies at the DST.}",
  journal = {\memsai},
 keywords = {Polarization, Instrumentation: polarimeters, Techniques: polarimetric, Sun: chromosphere, Sun: magnetic fields, Sun: photosphere},
     year = 2010,
   volume = 81,
    pages = {763},
   adsurl = {http://adsabs.harvard.edu/abs/2010MmSAI..81..763J},
  adsnote = {Provided by the SAO/NASA Astrophysics Data System}
}
@INPROCEEDINGS{2010HillsEA_ALMA2,
   author = {{Hills}, R.~E. and {Kurz}, R.~J. and {Peck}, A.~B.},
    title = "{ALMA: status report on construction and early results from commissioning}",
booktitle = {Ground-based and Airborne Telescopes III},
     year = 2010,
   series = {\procspie},
   volume = 7733,
    month = jul,
      eid = {773317},
    pages = {773317},
      doi = {10.1117/12.857017},
   adsurl = {http://adsabs.harvard.edu/abs/2010SPIE.7733E..17H},
  adsnote = {Provided by the SAO/NASA Astrophysics Data System}
}

@ARTICLE{2010CallyAndries_ResonantAbsorption,
   author = {{Cally}, P.~S. and {Andries}, J.},
    title = "{Resonant Absorption as Mode Conversion?}",
  journal = {\solphys},
archivePrefix = "arXiv",
   eprint = {1007.1808},
 primaryClass = "astro-ph.SR",
 keywords = {Oscillations, solar, Waves, Alfv{\'e}n, magnetohydrodynamic},
     year = 2010,
    month = sep,
   volume = 266,
    pages = {17-38},
      doi = {10.1007/s11207-010-9612-6},
   adsurl = {http://adsabs.harvard.edu/abs/2010SoPh..266...17C},
  adsnote = {Provided by the SAO/NASA Astrophysics Data System}
}

@PHDTHESIS{2011Jaeggli_PHD,
   author = {{Jaeggli}, S.~A.},
    title = "{An observational study of the formation and evolution of sunspots}",
   school = {University of Hawai'i at Manoa},
     year = 2011,
   adsurl = {http://adsabs.harvard.edu/abs/2011PhDT........97J},
  adsnote = {Provided by the SAO/NASA Astrophysics Data System}
}


@ARTICLE{2011NarukageEA_XRT3,
   author = {{Narukage}, N. and {Sakao}, T. and {Kano}, R. and {Hara}, H. and 
	{Shimojo}, M. and {Bando}, T. and {Urayama}, F. and {Deluca}, E. and 
	{Golub}, L. and {Weber}, M. and {Grigis}, P. and {Cirtain}, J. and 
	{Tsuneta}, S.},
    title = "{Coronal-Temperature-Diagnostic Capability of the Hinode/ X-Ray Telescope Based on Self-Consistent Calibration}",
  journal = {\solphys},
archivePrefix = "arXiv",
   eprint = {1011.2867},
 primaryClass = "astro-ph.SR",
 keywords = {Corona, Instrumentation and data management},
     year = 2011,
    month = mar,
   volume = 269,
    pages = {169-236},
      doi = {10.1007/s11207-010-9685-2},
   adsurl = {http://adsabs.harvard.edu/abs/2011SoPh..269..169N},
  adsnote = {Provided by the SAO/NASA Astrophysics Data System}
}
@ARTICLE{2011LeenaartsEA_modelTmin,
   author = {{Leenaarts}, J. and {Carlsson}, M. and {Hansteen}, V. and {Gudiksen}, B.~V.
	},
    title = "{On the minimum temperature of the quiet solar chromosphere}",
  journal = {\aap},
archivePrefix = "arXiv",
   eprint = {1104.5081},
 primaryClass = "astro-ph.SR",
 keywords = {Sun: atmosphere, Sun: chromosphere, radiative transfer, magnetohydrodynamics (MHD)},
     year = 2011,
    month = jun,
   volume = 530,
      eid = {A124},
    pages = {A124},
      doi = {10.1051/0004-6361/201016392},
   adsurl = {http://adsabs.harvard.edu/abs/2011A%26A...530A.124L},
  adsnote = {Provided by the SAO/NASA Astrophysics Data System}
}
@ARTICLE{2011HannahEA_SSRmicroflares,
   author = {{Hannah}, I.~G. and {Hudson}, H.~S. and {Battaglia}, M. and 
	{Christe}, S. and {Ka{\v s}parov{\'a}}, J. and {Krucker}, S. and 
	{Kundu}, M.~R. and {Veronig}, A.},
    title = "{Microflares and the Statistics of X-ray Flares}",
  journal = {\ssr},
archivePrefix = "arXiv",
   eprint = {1108.6203},
 primaryClass = "astro-ph.SR",
 keywords = {Sun, Flares, X-rays},
     year = 2011,
    month = sep,
   volume = 159,
    pages = {263-300},
      doi = {10.1007/s11214-010-9705-4},
   adsurl = {http://adsabs.harvard.edu/abs/2011SSRv..159..263H},
  adsnote = {Provided by the SAO/NASA Astrophysics Data System}
}
@ARTICLE{2012Tarr,
   author = {{Tarr}, L. and {Longcope}, D.},
    title = "{Calculating Energy Storage Due to Topological Changes in Emerging Active Region NOAA AR 11112}",
  journal = {\apj},
archivePrefix = "arXiv",
   eprint = {1202.0075},
 primaryClass = "astro-ph.SR",
 keywords = {Sun: corona, Sun: evolution, Sun: flares, Sun: magnetic topology, Sun: photosphere, Sun: surface magnetism },
     year = 2012,
    month = apr,
   volume = 749,
      eid = {64},
    pages = {64},
      doi = {10.1088/0004-637X/749/1/64},
   adsurl = {http://adsabs.harvard.edu/abs/2012ApJ...749...64T},
  adsnote = {Provided by the SAO/NASA Astrophysics Data System}
}

@ARTICLE{2012PesnellEA_SDO,
   author = {{Pesnell}, W.~D. and {Thompson}, B.~J. and {Chamberlin}, P.~C.
	},
    title = "{The Solar Dynamics Observatory (SDO)}",
  journal = {\solphys},
 keywords = {SDO, Solar cycle, Helioseismology, Coronal, Space weather},
     year = 2012,
    month = jan,
   volume = 275,
    pages = {3-15},
      doi = {10.1007/s11207-011-9841-3},
   adsurl = {http://adsabs.harvard.edu/abs/2012SoPh..275....3P},
  adsnote = {Provided by the SAO/NASA Astrophysics Data System}
}
@ARTICLE{2012Leenaarts,
       author = {{Leenaarts}, J. and {Carlsson}, M. and {Rouppe van der Voort}, L.},
        title = "{The Formation of the H{\ensuremath{\alpha}} Line in the Solar Chromosphere}",
      journal = {\apj},
     keywords = {magnetohydrodynamics: MHD, radiative transfer, Sun: atmosphere, Sun: chromosphere, Astrophysics - Solar and Stellar Astrophysics},
         year = "2012",
        month = "Apr",
       volume = {749},
       number = {2},
          eid = {136},
        pages = {136},
          doi = {10.1088/0004-637X/749/2/136},
archivePrefix = {arXiv},
       eprint = {1202.1926},
 primaryClass = {astro-ph.SR},
       adsurl = {https://ui.adsabs.harvard.edu/abs/2012ApJ...749..136L},
      adsnote = {Provided by the SAO/NASA Astrophysics Data System}
}


@ARTICLE{2012LemenEA_AIA,
   author = {{Lemen}, J.~R. and {Title}, A.~M. and {Akin}, D.~J. and {Boerner}, P.~F. and 
	{Chou}, C. and {Drake}, J.~F. and {Duncan}, D.~W. and {Edwards}, C.~G. and 
	{Friedlaender}, F.~M. and {Heyman}, G.~F. and {Hurlburt}, N.~E. and 
	{Katz}, N.~L. and {Kushner}, G.~D. and {Levay}, M. and {Lindgren}, R.~W. and 
	{Mathur}, D.~P. and {McFeaters}, E.~L. and {Mitchell}, S. and 
	{Rehse}, R.~A. and {Schrijver}, C.~J. and {Springer}, L.~A. and 
	{Stern}, R.~A. and {Tarbell}, T.~D. and {Wuelser}, J.-P. and 
	{Wolfson}, C.~J. and {Yanari}, C. and {Bookbinder}, J.~A. and 
	{Cheimets}, P.~N. and {Caldwell}, D. and {Deluca}, E.~E. and 
	{Gates}, R. and {Golub}, L. and {Park}, S. and {Podgorski}, W.~A. and 
	{Bush}, R.~I. and {Scherrer}, P.~H. and {Gummin}, M.~A. and 
	{Smith}, P. and {Auker}, G. and {Jerram}, P. and {Pool}, P. and 
	{Soufli}, R. and {Windt}, D.~L. and {Beardsley}, S. and {Clapp}, M. and 
	{Lang}, J. and {Waltham}, N.},
    title = "{The Atmospheric Imaging Assembly (AIA) on the Solar Dynamics Observatory (SDO)}",
  journal = {\solphys},
 keywords = {Solar corona, Solar instrumentation, Solar imaging, Extreme ultraviolet},
     year = 2012,
    month = jan,
   volume = 275,
    pages = {17-40},
      doi = {10.1007/s11207-011-9776-8},
   adsurl = {http://adsabs.harvard.edu/abs/2012SoPh..275...17L},
  adsnote = {Provided by the SAO/NASA Astrophysics Data System}
}

@ARTICLE{2012Boerner,
       author = {{Boerner}, Paul and {Edwards}, Christopher and {Lemen}, James and {Rausch}, Adam and {Schrijver}, Carolus and {Shine}, Richard and {Shing}, Lawrence and {Stern}, Robert and {Tarbell}, Theodore and {Title}, Alan and {Wolfson}, C. Jacob and {Soufli}, Regina and {Spiller}, Eberhard and {Gullikson}, Eric and {McKenzie}, David and {Windt}, David and {Golub}, Leon and {Podgorski}, William and {Testa}, Paola and {Weber}, Mark},
        title = "{Initial Calibration of the Atmospheric Imaging Assembly (AIA) on the Solar Dynamics Observatory (SDO)}",
      journal = {\solphys},
     keywords = {Instrumentation, EUV, Soft X-ray, Chromosphere, Corona, Transition region},
         year = 2012,
        month = jan,
       volume = {275},
       number = {1-2},
        pages = {41-66},
          doi = {10.1007/s11207-011-9804-8},
       adsurl = {https://ui.adsabs.harvard.edu/abs/2012SoPh..275...41B},
      adsnote = {Provided by the SAO/NASA Astrophysics Data System}
}

@ARTICLE{2012SchouEA_HMI,
   author = {{Schou}, J. and {Scherrer}, P.~H. and {Bush}, R.~I. and {Wachter}, R. and 
	{Couvidat}, S. and {Rabello-Soares}, M.~C. and {Bogart}, R.~S. and 
	{Hoeksema}, J.~T. and {Liu}, Y. and {Duvall}, T.~L. and {Akin}, D.~J. and 
	{Allard}, B.~A. and {Miles}, J.~W. and {Rairden}, R. and {Shine}, R.~A. and 
	{Tarbell}, T.~D. and {Title}, A.~M. and {Wolfson}, C.~J. and 
	{Elmore}, D.~F. and {Norton}, A.~A. and {Tomczyk}, S.},
    title = "{Design and Ground Calibration of the Helioseismic and Magnetic Imager (HMI) Instrument on the Solar Dynamics Observatory (SDO)}",
  journal = {\solphys},
 keywords = {Solar Dynamics Observatory, Helioseismology, observations, Instrumentation and data management, Magnetic fields, photosphere},
     year = 2012,
    month = jan,
   volume = 275,
    pages = {229-259},
      doi = {10.1007/s11207-011-9842-2},
   adsurl = {http://adsabs.harvard.edu/abs/2012SoPh..275..229S},
  adsnote = {Provided by the SAO/NASA Astrophysics Data System}
}

@ARTICLE{2012CargillEA_EBTEL2,
   author = {{Cargill}, P.~J. and {Bradshaw}, S.~J. and {Klimchuk}, J.~A.
	},
    title = "{Enthalpy-based Thermal Evolution of Loops. II. Improvements to the Model}",
  journal = {\apj},
archivePrefix = "arXiv",
   eprint = {1204.5960},
 primaryClass = "astro-ph.SR",
 keywords = {Sun: activity, Sun: corona, Sun: flares, Sun: transition region},
     year = 2012,
    month = jun,
   volume = 752,
      eid = {161},
    pages = {161},
      doi = {10.1088/0004-637X/752/2/161},
   adsurl = {http://adsabs.harvard.edu/abs/2012ApJ...752..161C},
  adsnote = {Provided by the SAO/NASA Astrophysics Data System}
}

@ARTICLE{2012BrooksEA,
   author = {{Brooks}, D.~H. and {Warren}, H.~P. and {Ugarte-Urra}, I.},
    title = "{Solar Coronal Loops Resolved by Hinode and the Solar Dynamics Observatory}",
  journal = {\apjl},
 keywords = {magnetic fields, methods: data analysis, Sun: corona, Sun: UV radiation, techniques: spectroscopic},
     year = 2012,
    month = aug,
   volume = 755,
      eid = {L33},
    pages = {L33},
      doi = {10.1088/2041-8205/755/2/L33},
   adsurl = {http://adsabs.harvard.edu/abs/2012ApJ...755L..33B},
  adsnote = {Provided by the SAO/NASA Astrophysics Data System}
}


@ARTICLE{2012TianEA_EISAlfvenWaves,
   author = {{Tian}, H. and {McIntosh}, S.~W. and {Wang}, T. and {Ofman}, L. and 
	{De Pontieu}, B. and {Innes}, D.~E. and {Peter}, H.},
    title = "{Persistent Doppler Shift Oscillations Observed with Hinode/EIS in the Solar Corona: Spectroscopic Signatures of Alfv{\'e}nic Waves and Recurring Upflows}",
  journal = {\apj},
archivePrefix = "arXiv",
   eprint = {1209.5286},
 primaryClass = "astro-ph.SR",
 keywords = {line: profiles, solar wind, Sun: corona, Sun: oscillations, waves},
     year = 2012,
    month = nov,
   volume = 759,
      eid = {144},
    pages = {144},
      doi = {10.1088/0004-637X/759/2/144},
   adsurl = {http://adsabs.harvard.edu/abs/2012ApJ...759..144T},
  adsnote = {Provided by the SAO/NASA Astrophysics Data System}
}

@ARTICLE{2012CargillEA_EBTEL3,
   author = {{Cargill}, P.~J. and {Bradshaw}, S.~J. and {Klimchuk}, J.~A.
	},
    title = "{Enthalpy-based Thermal Evolution of Loops. III. Comparison of Zero-dimensional Models}",
  journal = {\apj},
 keywords = {Sun: corona, Sun: transition region},
     year = 2012,
    month = oct,
   volume = 758,
      eid = {5},
    pages = {5},
      doi = {10.1088/0004-637X/758/1/5},
   adsurl = {http://adsabs.harvard.edu/abs/2012ApJ...758....5C},
  adsnote = {Provided by the SAO/NASA Astrophysics Data System}
}

@ARTICLE{2012Zhang,
   author = {{Zhang}, P. and {Fang}, C. and {Zhang}, Q.},
    title = "{H {$\alpha$} counterparts of X-ray bright points in the solar atmosphere}",
  journal = {Science China Physics, Mechanics, and Astronomy},
 keywords = {solar activity, bright points, small-scale brightenings},
     year = 2012,
    month = may,
   volume = 55,
    pages = {907-914},
      doi = {10.1007/s11433-012-4694-9},
   adsurl = {http://adsabs.harvard.edu/abs/2012SCPMA..55..907Z},
  adsnote = {Provided by the SAO/NASA Astrophysics Data System}
}

@article{2013astropy,
Adsnote = {Provided by the SAO/NASA Astrophysics Data System},
Adsurl = {http://adsabs.harvard.edu/abs/2013A%26A...558A..33A},
Archiveprefix = {arXiv},
Author = {{Astropy Collaboration} and {Robitaille}, T.~P. and {Tollerud}, E.~J. and {Greenfield}, P. and {Droettboom}, M. and {Bray}, E. and {Aldcroft}, T. and {Davis}, M. and {Ginsburg}, A. and {Price-Whelan}, A.~M. and {Kerzendorf}, W.~E. and {Conley}, A. and {Crighton}, N. and {Barbary}, K. and {Muna}, D. and {Ferguson}, H. and {Grollier}, F. and {Parikh}, M.~M. and {Nair}, P.~H. and {Unther}, H.~M. and {Deil}, C. and {Woillez}, J. and {Conseil}, S. and {Kramer}, R. and {Turner}, J.~E.~H. and {Singer}, L. and {Fox}, R. and {Weaver}, B.~A. and {Zabalza}, V. and {Edwards}, Z.~I. and {Azalee Bostroem}, K. and {Burke}, D.~J. and {Casey}, A.~R. and {Crawford}, S.~M. and {Dencheva}, N. and {Ely}, J. and {Jenness}, T. and {Labrie}, K. and {Lim}, P.~L. and {Pierfederici}, F. and {Pontzen}, A. and {Ptak}, A. and {Refsdal}, B. and {Servillat}, M. and {Streicher}, O.},
Doi = {10.1051/0004-6361/201322068},
Eid = {A33},
Eprint = {1307.6212},
Journal = {\aap},
Keywords = {methods: data analysis, methods: miscellaneous, virtual observatory tools},
Month = oct,
Pages = {A33},
Primaryclass = {astro-ph.IM},
Title = {{Astropy: A community Python package for astronomy}},
Volume = 558,
Year = 2013,
Bdsk-Url-1 = {https://dx.doi.org/10.1051/0004-6361/201322068}}

@ARTICLE{2014Boerner,
       author = {{Boerner}, P.~F. and {Testa}, P. and {Warren}, H. and {Weber}, M.~A. and {Schrijver}, C.~J.},
        title = "{Photometric and Thermal Cross-calibration of Solar EUV Instruments}",
      journal = {\solphys},
     keywords = {Atomic data, Chromosphere, Corona, EUV, Instrumentation, Transition region, Astrophysics - Solar and Stellar Astrophysics},
         year = 2014,
        month = jun,
       volume = {289},
       number = {6},
        pages = {2377-2397},
          doi = {10.1007/s11207-013-0452-z},
archivePrefix = {arXiv},
       eprint = {1307.8045},
 primaryClass = {astro-ph.SR},
       adsurl = {https://ui.adsabs.harvard.edu/abs/2014SoPh..289.2377B},
      adsnote = {Provided by the SAO/NASA Astrophysics Data System}
}



@article{2018astropy,
Adsnote = {Provided by the SAO/NASA Astrophysics Data System},
Adsurl = {https://ui.adsabs.harvard.edu/#abs/2018AJ....156..123T},
Author = {{Price-Whelan}, A.~M. and {Sip{\H{o}}cz}, B.~M. and {G{\"u}nther}, H.~M. and {Lim}, P.~L. and {Crawford}, S.~M. and {Conseil}, S. and {Shupe}, D.~L. and {Craig}, M.~W. and {Dencheva}, N. and {Ginsburg}, A. and {VanderPlas}, J.~T. and {Bradley}, L.~D. and {P{\'e}rez-Su{\'a}rez}, D. and {de Val-Borro}, M. and {Paper Contributors}, (Primary and {Aldcroft}, T.~L. and {Cruz}, K.~L. and {Robitaille}, T.~P. and {Tollerud}, E.~J. and {Coordination Committee}, (Astropy and {Ardelean}, C. and {Babej}, T. and {Bach}, Y.~P. and {Bachetti}, M. and {Bakanov}, A.~V. and {Bamford}, S.~P. and {Barentsen}, G. and {Barmby}, P. and {Baumbach}, A. and {Berry}, K.~L. and {Biscani}, F. and {Boquien}, M. and {Bostroem}, K.~A. and {Bouma}, L.~G. and {Brammer}, G.~B. and {Bray}, E.~M. and {Breytenbach}, H. and {Buddelmeijer}, H. and {Burke}, D.~J. and {Calderone}, G. and {Cano Rodr{\'\i}guez}, J.~L. and {Cara}, M. and {Cardoso}, J.~V.~M. and {Cheedella}, S. and {Copin}, Y. and {Corrales}, L. and {Crichton}, D. and {D{\textquoteright}Avella}, D. and {Deil}, C. and {Depagne}, {\'E}. and {Dietrich}, J.~P. and {Donath}, A. and {Droettboom}, M. and {Earl}, N. and {Erben}, T. and {Fabbro}, S. and {Ferreira}, L.~A. and {Finethy}, T. and {Fox}, R.~T. and {Garrison}, L.~H. and {Gibbons}, S.~L.~J. and {Goldstein}, D.~A. and {Gommers}, R. and {Greco}, J.~P. and {Greenfield}, P. and {Groener}, A.~M. and {Grollier}, F. and {Hagen}, A. and {Hirst}, P. and {Homeier}, D. and {Horton}, A.~J. and {Hosseinzadeh}, G. and {Hu}, L. and {Hunkeler}, J.~S. and {Ivezi{\'c}}, {\v{Z}}. and {Jain}, A. and {Jenness}, T. and {Kanarek}, G. and {Kendrew}, S. and {Kern}, N.~S. and {Kerzendorf}, W.~E. and {Khvalko}, A. and {King}, J. and {Kirkby}, D. and {Kulkarni}, A.~M. and {Kumar}, A. and {Lee}, A. and {Lenz}, D. and {Littlefair}, S.~P. and {Ma}, Z. and {Macleod}, D.~M. and {Mastropietro}, M. and {McCully}, C. and {Montagnac}, S. and {Morris}, B.~M. and {Mueller}, M. and {Mumford}, S.~J. and {Muna}, D. and {Murphy}, N.~A. and {Nelson}, S. and {Nguyen}, G.~H. and {Ninan}, J.~P. and {N{\"o}the}, M. and {Ogaz}, S. and {Oh}, S. and {Parejko}, J.~K. and {Parley}, N. and {Pascual}, S. and {Patil}, R. and {Patil}, A.~A. and {Plunkett}, A.~L. and {Prochaska}, J.~X. and {Rastogi}, T. and {Reddy Janga}, V. and {Sabater}, J. and {Sakurikar}, P. and {Seifert}, M. and {Sherbert}, L.~E. and {Sherwood-Taylor}, H. and {Shih}, A.~Y. and {Sick}, J. and {Silbiger}, M.~T. and {Singanamalla}, S. and {Singer}, L.~P. and {Sladen}, P.~H. and {Sooley}, K.~A. and {Sornarajah}, S. and {Streicher}, O. and {Teuben}, P. and {Thomas}, S.~W. and {Tremblay}, G.~R. and {Turner}, J.~E.~H. and {Terr{\'o}n}, V. and {van Kerkwijk}, M.~H. and {de la Vega}, A. and {Watkins}, L.~L. and {Weaver}, B.~A. and {Whitmore}, J.~B. and {Woillez}, J. and {Zabalza}, V. and {Contributors}, (Astropy},
Doi = {10.3847/1538-3881/aabc4f},
Eid = {123},
Journal = {\aj},
Keywords = {methods: data analysis, methods: miscellaneous, methods: statistical, reference systems, Astrophysics - Instrumentation and Methods for Astrophysics},
Month = Sep,
Pages = {123},
Primaryclass = {astro-ph.IM},
Title = {{The Astropy Project: Building an Open-science Project and Status of the v2.0 Core Package}},
Volume = {156},
Year = 2018,
Bdsk-Url-1 = {https://doi.org/10.3847/1538-3881/aabc4f}}

@BOOK{2013Decadal,
  author    = "National Research Council",
  title     = "Solar and Space Physics: A Science for a Technological Society",
  isbn      = "978-0-309-16428-3",
  doi       = "10.17226/13060",
  abstract  = "From the interior of the Sun, to the upper atmosphere and near-space environment of Earth, and outward to a region far beyond Pluto where the Sun's influence wanes, advances during the past decade in space physics and solar physics--the disciplines NASA refers to as heliophysics--have yielded spectacular insights into the phenomena that affect our home in space.\nSolar and Space Physics, from the National Research Council's (NRC's) Committee for a Decadal Strategy in Solar and Space Physics, is the second NRC decadal survey in heliophysics. Building on the research accomplishments realized during the past decade, the report presents a program of basic and applied research for the period 2013-2022 that will improve scientific understanding of the mechanisms that drive the Sun's activity and the fundamental physical processes underlying near-Earth plasma dynamics, determine the physical interactions of Earth's atmospheric layers in the context of the connected Sun-Earth system, and enhance greatly the capability to provide realistic and specific forecasts of Earth's space environment that will better serve the needs of society.\nAlthough the recommended program is directed primarily at NASA and the National Science Foundation for action, the report also recommends actions by other federal agencies, especially the parts of the National Oceanic and Atmospheric Administration charged with the day-to-day (operational) forecast of space weather. In addition to the recommendations included in this summary, related recommendations are presented in this report.",
  url       = "http://www.nap.edu/catalog/13060/solar-and-space-physics-a-science-for-a-technological-society",
  year      = 2013,
  publisher = "The National Academies Press",
  address   = "Washington, DC"
}

@ARTICLE{2013CirtainEA_HiC,
   author = {{Cirtain}, J.~W. and {Golub}, L. and {Winebarger}, A.~R. and 
	{de Pontieu}, B. and {Kobayashi}, K. and {Moore}, R.~L. and 
	{Walsh}, R.~W. and {Korreck}, K.~E. and {Weber}, M. and {McCauley}, P. and 
	{Title}, A. and {Kuzin}, S. and {Deforest}, C.~E.},
    title = "{Energy release in the solar corona from spatially resolved magnetic braids}",
  journal = {\nat},
     year = 2013,
    month = jan,
   volume = 493,
    pages = {501-503},
      doi = {10.1038/nature11772},
   adsurl = {http://adsabs.harvard.edu/abs/2013Natur.493..501C},
  adsnote = {Provided by the SAO/NASA Astrophysics Data System}
}
@ARTICLE{2013WinebargerEA_HiC,
   author = {{Winebarger}, A.~R. and {Walsh}, R.~W. and {Moore}, R. and {De Pontieu}, B. and 
	{Hansteen}, V. and {Cirtain}, J. and {Golub}, L. and {Kobayashi}, K. and 
	{Korreck}, K. and {DeForest}, C. and {Weber}, M. and {Title}, A. and 
	{Kuzin}, S.},
    title = "{Detecting Nanoflare Heating Events in Subarcsecond Inter-moss Loops Using Hi-C}",
  journal = {\apj},
 keywords = {Sun: corona},
     year = 2013,
    month = jul,
   volume = 771,
      eid = {21},
    pages = {21},
      doi = {10.1088/0004-637X/771/1/21},
   adsurl = {http://adsabs.harvard.edu/abs/2013ApJ...771...21W},
  adsnote = {Provided by the SAO/NASA Astrophysics Data System}
}
@ARTICLE{2013BrooksEA_LoopSize,
   author = {{Brooks}, D.~H. and {Warren}, H.~P. and {Ugarte-Urra}, I. and 
	{Winebarger}, A.~R.},
    title = "{High Spatial Resolution Observations of Loops in the Solar Corona}",
  journal = {\apjl},
archivePrefix = "arXiv",
   eprint = {1305.2246},
 primaryClass = "astro-ph.SR",
 keywords = {magnetic fields, Sun: corona, Sun: UV radiation },
     year = 2013,
    month = aug,
   volume = 772,
      eid = {L19},
    pages = {L19},
      doi = {10.1088/2041-8205/772/2/L19},
   adsurl = {http://adsabs.harvard.edu/abs/2013ApJ...772L..19B},
  adsnote = {Provided by the SAO/NASA Astrophysics Data System}
}

@ARTICLE{2014KobelskiEA_XRTTBs,
   author = {{Kobelski}, A.~R. and {McKenzie}, D.~E. and {Donachie}, M.},
    title = "{Modeling Active Region Transient Brightenings Observed with X-Ray Telescope as Multi-stranded Loops}",
  journal = {\apj},
archivePrefix = "arXiv",
   eprint = {1403.7834},
 primaryClass = "astro-ph.SR",
 keywords = {methods: data analysis, Sun: corona, Sun: flares, Sun: X-rays, gamma rays},
     year = 2014,
    month = may,
   volume = 786,
      eid = {82},
    pages = {82},
      doi = {10.1088/0004-637X/786/2/82},
   adsurl = {http://adsabs.harvard.edu/abs/2014ApJ...786...82K},
  adsnote = {Provided by the SAO/NASA Astrophysics Data System}
}
@ARTICLE{2014vanBallegooijenEA_FootpointMotion,
   author = {{van Ballegooijen}, A.~A. and {Asgari-Targhi}, M. and {Berger}, M.~A.
	},
    title = "{On the Relationship Between Photospheric Footpoint Motions and Coronal Heating in Solar Active Regions}",
  journal = {\apj},
 keywords = {magnetohydrodynamics: MHD, Sun: corona, Sun: magnetic fields, turbulence},
     year = 2014,
    month = may,
   volume = 787,
      eid = {87},
    pages = {87},
      doi = {10.1088/0004-637X/787/1/87},
   adsurl = {http://adsabs.harvard.edu/abs/2014ApJ...787...87V},
  adsnote = {Provided by the SAO/NASA Astrophysics Data System}
}

@ARTICLE{2014KobelskiEA_xrtprep,
   author = {{Kobelski}, A.~R. and {Saar}, S.~H. and {Weber}, M.~A. and {McKenzie}, D.~E. and 
	{Reeves}, K.~K.},
    title = "{Calibrating Data from the Hinode/X-Ray Telescope and Associated Uncertainties}",
  journal = {\solphys},
archivePrefix = "arXiv",
   eprint = {1312.4850},
 primaryClass = "astro-ph.IM",
 keywords = {Corona, Instrumentation and data management},
     year = 2014,
    month = jul,
   volume = 289,
    pages = {2781-2802},
      doi = {10.1007/s11207-014-0487-9},
   adsurl = {http://adsabs.harvard.edu/abs/2014SoPh..289.2781K},
  adsnote = {Provided by the SAO/NASA Astrophysics Data System}
}
@ARTICLE{2014RajaBayannaEA_MagneticFieldandOscStrength,
   author = {{Raja Bayanna}, A. and {Mathew}, S.~K. and {Kumar}, B. and {Louis}, R.~E. and 
	{Venkatakrishnan}, P.},
    title = "{A study of the relation between intensity oscillations and magnetic field parameters in a sunspot: Hinode observations}",
  journal = {Research in Astronomy and Astrophysics},
archivePrefix = "arXiv",
   eprint = {1407.7363},
 primaryClass = "astro-ph.SR",
     year = 2014,
    month = nov,
   volume = 14,
      eid = {1458-1468},
    pages = {1458-1468},
      doi = {10.1088/1674-4527/14/11/009},
   adsurl = {http://adsabs.harvard.edu/abs/2014RAA....14.1458R},
  adsnote = {Provided by the SAO/NASA Astrophysics Data System}
}


@ARTICLE{2013Leake,
   author = {{Leake}, J.~E. and {Linton}, M.~G.},
    title = "{Effect of Ion-Neutral Collisions in Simulations of Emerging Active Regions}",
  journal = {\apj},
archivePrefix = "arXiv",
   eprint = {1212.4127},
 primaryClass = "astro-ph.SR",
 keywords = {magnetic fields, magnetohydrodynamics: MHD, Sun: coronal mass ejections: CMEs },
     year = 2013,
    month = feb,
   volume = 764,
      eid = {54},
    pages = {54},
      doi = {10.1088/0004-637X/764/1/54},
   adsurl = {http://adsabs.harvard.edu/abs/2013ApJ...764...54L},
  adsnote = {Provided by the SAO/NASA Astrophysics Data System}
}

@ARTICLE{2013RajaguruEA_ARHalos,
   author = {{Rajaguru}, S.~P. and {Couvidat}, S. and {Sun}, X. and {Hayashi}, K. and 
	{Schunker}, H.},
    title = "{Properties of High-Frequency Wave Power Halos Around Active Regions: An Analysis of Multi-height Data from HMI and AIA Onboard SDO}",
  journal = {\solphys},
archivePrefix = "arXiv",
   eprint = {1206.5874},
 primaryClass = "astro-ph.SR",
 keywords = {Active regions, magnetic fields, Chromosphere, active, Helioseismology, observations, Magnetic fields, photosphere, Magnetohydrodynamics, Sunspots, magnetic fields, Waves, acoustic, magnetohydrodynamic, modes, propagation},
     year = 2013,
    month = oct,
   volume = 287,
    pages = {107-127},
      doi = {10.1007/s11207-012-0180-9},
   adsurl = {http://adsabs.harvard.edu/abs/2013SoPh..287..107R},
  adsnote = {Provided by the SAO/NASA Astrophysics Data System}
}

@ARTICLE{2014DePontieuEA_IRIS,
   author = {{De Pontieu}, B. and {Title}, A.~M. and {Lemen}, J.~R. and {Kushner}, G.~D. and 
	{Akin}, D.~J. and {Allard}, B. and {Berger}, T. and {Boerner}, P. and 
	{Cheung}, M. and {Chou}, C. and {Drake}, J.~F. and {Duncan}, D.~W. and 
	{Freeland}, S. and {Heyman}, G.~F. and {Hoffman}, C. and {Hurlburt}, N.~E. and 
	{Lindgren}, R.~W. and {Mathur}, D. and {Rehse}, R. and {Sabolish}, D. and 
	{Seguin}, R. and {Schrijver}, C.~J. and {Tarbell}, T.~D. and 
	{W{\"u}lser}, J.-P. and {Wolfson}, C.~J. and {Yanari}, C. and 
	{Mudge}, J. and {Nguyen-Phuc}, N. and {Timmons}, R. and {van Bezooijen}, R. and 
	{Weingrod}, I. and {Brookner}, R. and {Butcher}, G. and {Dougherty}, B. and 
	{Eder}, J. and {Knagenhjelm}, V. and {Larsen}, S. and {Mansir}, D. and 
	{Phan}, L. and {Boyle}, P. and {Cheimets}, P.~N. and {DeLuca}, E.~E. and 
	{Golub}, L. and {Gates}, R. and {Hertz}, E. and {McKillop}, S. and 
	{Park}, S. and {Perry}, T. and {Podgorski}, W.~A. and {Reeves}, K. and 
	{Saar}, S. and {Testa}, P. and {Tian}, H. and {Weber}, M. and 
	{Dunn}, C. and {Eccles}, S. and {Jaeggli}, S.~A. and {Kankelborg}, C.~C. and 
	{Mashburn}, K. and {Pust}, N. and {Springer}, L. and {Carvalho}, R. and 
	{Kleint}, L. and {Marmie}, J. and {Mazmanian}, E. and {Pereira}, T.~M.~D. and 
	{Sawyer}, S. and {Strong}, J. and {Worden}, S.~P. and {Carlsson}, M. and 
	{Hansteen}, V.~H. and {Leenaarts}, J. and {Wiesmann}, M. and 
	{Aloise}, J. and {Chu}, K.-C. and {Bush}, R.~I. and {Scherrer}, P.~H. and 
	{Brekke}, P. and {Martinez-Sykora}, J. and {Lites}, B.~W. and 
	{McIntosh}, S.~W. and {Uitenbroek}, H. and {Okamoto}, T.~J. and 
	{Gummin}, M.~A. and {Auker}, G. and {Jerram}, P. and {Pool}, P. and 
	{Waltham}, N.},
    title = "{The Interface Region Imaging Spectrograph (IRIS)}",
  journal = {\solphys},
archivePrefix = "arXiv",
   eprint = {1401.2491},
 primaryClass = "astro-ph.SR",
 keywords = {Heating, chromospheric, Heating, coronal, Chromosphere, models, Chromosphere, active, Corona, active, Magnetic fields, chromosphere, Instrumentation and data management, Spectrum, ultraviolet},
     year = 2014,
    month = jul,
   volume = 289,
    pages = {2733-2779},
      doi = {10.1007/s11207-014-0485-y},
   adsurl = {http://adsabs.harvard.edu/abs/2014SoPh..289.2733D},
  adsnote = {Provided by the SAO/NASA Astrophysics Data System}
}
@ARTICLE{2014LiuOfman_EUVwaves,
   author = {{Liu}, W. and {Ofman}, L.},
    title = "{Advances in Observing Various Coronal EUV Waves in the SDO Era and Their Seismological Applications (Invited Review)}",
  journal = {\solphys},
archivePrefix = "arXiv",
   eprint = {1404.0670},
 primaryClass = "astro-ph.SR",
 keywords = {Corona, structures, Coronal mass ejections, low coronal signatures, Coronal seismology, Flares, waves, Waves, magnetohydrodynamic, Waves, propagation},
     year = 2014,
    month = sep,
   volume = 289,
    pages = {3233-3277},
      doi = {10.1007/s11207-014-0528-4},
   adsurl = {http://adsabs.harvard.edu/abs/2014SoPh..289.3233L},
  adsnote = {Provided by the SAO/NASA Astrophysics Data System}
}

@ARTICLE{2014KobelskiMcKenzie_HiC,
   author = {{Kobelski}, A.~R. and {McKenzie}, D.~E.},
    title = "{Forward Modeling Transient Brightenings and Microflares around an Active Region Observed with Hi-C}",
  journal = {\apj},
archivePrefix = "arXiv",
   eprint = {1408.5440},
 primaryClass = "astro-ph.SR",
 keywords = {Sun: corona, Sun: flares},
     year = 2014,
    month = oct,
   volume = 794,
      eid = {119},
    pages = {119},
      doi = {10.1088/0004-637X/794/2/119},
   adsurl = {http://adsabs.harvard.edu/abs/2014ApJ...794..119K},
  adsnote = {Provided by the SAO/NASA Astrophysics Data System}
}
@ARTICLE{2014SubramanianEA_LowAndHighFrequency,
   author = {{Subramanian}, S. and {Tripathi}, D. and {Klimchuk}, J.~A. and 
	{Mason}, H.~E.},
    title = "{Emission Measure Distribution for Diffuse Regions in Solar Active Regions}",
  journal = {\apj},
archivePrefix = "arXiv",
   eprint = {1409.1447},
 primaryClass = "astro-ph.SR",
 keywords = {methods: observational, Sun: abundances, Sun: atmosphere, Sun: corona, Sun: transition region, Sun: UV radiation, techniques: spectroscopic},
     year = 2014,
    month = nov,
   volume = 795,
      eid = {76},
    pages = {76},
      doi = {10.1088/0004-637X/795/1/76},
   adsurl = {http://adsabs.harvard.edu/abs/2014ApJ...795...76S},
  adsnote = {Provided by the SAO/NASA Astrophysics Data System}
}
@ARTICLE{2015ViallKlimchuk_TRresponseNanoflare,
   author = {{Viall}, N.~M. and {Klimchuk}, J.~A.},
    title = "{The Transition Region Response to a Coronal Nanoflare: Forward Modeling and Observations in SDO/AIA}",
  journal = {\apj},
 keywords = {Sun: corona, Sun: transition region, Sun: UV radiation},
     year = 2015,
    month = jan,
   volume = 799,
      eid = {58},
    pages = {58},
      doi = {10.1088/0004-637X/799/1/58},
   adsurl = {http://adsabs.harvard.edu/abs/2015ApJ...799...58V},
  adsnote = {Provided by the SAO/NASA Astrophysics Data System}
}

@ARTICLE{2015YoshimuraMcKenzie_XRTcoalign,
   author = {{Yoshimura}, K. and {McKenzie}, D.~E.},
    title = "{Calibration of Hinode/XRT for Coalignment}",
  journal = {\solphys},
 keywords = {Instrumentation and data management, Integrated Sun observations, Sun: X-rays},
     year = 2015,
    month = aug,
   volume = 290,
    pages = {2355-2372},
      doi = {10.1007/s11207-015-0746-4},
   adsurl = {http://adsabs.harvard.edu/abs/2015SoPh..290.2355Y},
  adsnote = {Provided by the SAO/NASA Astrophysics Data System}
}

@ARTICLE{2015Klimchuk_CHoverview,
   author = {{Klimchuk}, J.~A.},
    title = "{Key aspects of coronal heating}",
  journal = {Philosophical Transactions of the Royal Society of London Series A},
archivePrefix = "arXiv",
   eprint = {1410.5660},
 primaryClass = "astro-ph.SR",
 keywords = {corona, coronal heating, magnetic fields  },
     year = 2015,
    month = apr,
   volume = 373,
    pages = {20140256-20140256},
      doi = {10.1098/rsta.2014.0256},
   adsurl = {http://adsabs.harvard.edu/abs/2015RSPTA.37340256K},
  adsnote = {Provided by the SAO/NASA Astrophysics Data System}
}

@ARTICLE{2015MumfordEA_SunPy,
	   author = {{SunPy Community}, T. and {Mumford}, S.~J. and {Christe}, S. and 
		{P{\'e}rez-Su{\'a}rez}, D. and {Ireland}, J. and {Shih}, A.~Y. and 
		{Inglis}, A.~R. and {Liedtke}, S. and {Hewett}, R.~J. and {Mayer}, F. and 
		{Hughitt}, K. and {Freij}, N. and {Meszaros}, T. and {Bennett}, S.~M. and 
		{Malocha}, M. and {Evans}, J. and {Agrawal}, A. and {Leonard}, A.~J. and 
		{Robitaille}, T.~P. and {Mampaey}, B. and {Iv{\'a}n Campos-Rozo}, J. and 
		{Kirk}, M.~S.},
	    title = "{SunPy{\mdash}Python for solar physics}",
	  journal = {Computational Science and Discovery},
	archivePrefix = "arXiv",
	   eprint = {1505.02563},
	 primaryClass = "astro-ph.IM",
	     year = 2015,
	    month = jan,
	   volume = 8,
	   number = 1,
	      eid = {014009},
	    pages = {014009},
	      doi = {10.1088/1749-4699/8/1/014009},
	   adsurl = {http://adsabs.harvard.edu/abs/2015CS%26D....8a4009S},
	  adsnote = {Provided by the SAO/NASA Astrophysics Data System}
	}

@ARTICLE{2015VanninathanEA_IBISAIAEIS,
   author = {{Vanninathan}, K. and {Madjarska}, M.~S. and {Galsgaard}, K. and 
	{Huang}, Z. and {Doyle}, J.~G.},
    title = "{Active region upflows. I. Multi-instrument observations}",
  journal = {\aap},
archivePrefix = "arXiv",
   eprint = {1509.05624},
 primaryClass = "astro-ph.SR",
 keywords = {Sun: chromosphere, sun: corona, methods: observational, line: profiles},
     year = 2015,
    month = dec,
   volume = 584,
      eid = {A38},
    pages = {A38},
      doi = {10.1051/0004-6361/201526340},
   adsurl = {http://adsabs.harvard.edu/abs/2015A%26A...584A..38V},
  adsnote = {Provided by the SAO/NASA Astrophysics Data System}
}

@ARTICLE{2016RyanEA_flarestatistics,
   author = {{Ryan}, D.~F. and {Dominique}, M. and {Seaton}, D. and {Stegen}, K. and 
	{White}, A.},
    title = "{Effects of flare definitions on the statistics of derived flare distributions}",
  journal = {\aap},
archivePrefix = "arXiv",
   eprint = {1606.04472},
 primaryClass = "astro-ph.SR",
 keywords = {methods: statistical, methods: data analysis, Sun: flares, Sun: X-rays, gamma rays, Sun: corona},
     year = 2016,
    month = aug,
   volume = 592,
      eid = {A133},
    pages = {A133},
      doi = {10.1051/0004-6361/201628130},
   adsurl = {http://adsabs.harvard.edu/abs/2016A%26A...592A.133R},
  adsnote = {Provided by the SAO/NASA Astrophysics Data System}
}

@ARTICLE{2016DHuysEA_LimitedSampleSize,
   author = {{D'Huys}, E. and {Berghmans}, D. and {Seaton}, D.~B. and {Poedts}, S.
	},
    title = "{The Effect of Limited Sample Sizes on the Accuracy of the Estimated Scaling Parameter for Power-Law-Distributed Solar Data}",
  journal = {\solphys},
archivePrefix = "arXiv",
   eprint = {1605.06972},
 primaryClass = "astro-ph.SR",
 keywords = {Corona, heating, Coronal mass ejections, Flares, Nanoflares},
     year = 2016,
    month = may,
   volume = 291,
    pages = {1561-1576},
      doi = {10.1007/s11207-016-0910-5},
   adsurl = {http://adsabs.harvard.edu/abs/2016SoPh..291.1561D},
  adsnote = {Provided by the SAO/NASA Astrophysics Data System}
}


@ARTICLE{2016SamantaEA_TransientPowerDistributions,
   author = {{Samanta}, T. and {Henriques}, V.~M.~J. and {Banerjee}, D. and 
	{Krishna Prasad}, S. and {Mathioudakis}, M. and {Jess}, D. and 
	{Pant}, V.},
    title = "{The Effects of Transients on Photospheric and Chromospheric Power Distributions}",
  journal = {\apj},
archivePrefix = "arXiv",
   eprint = {1604.06289},
 primaryClass = "astro-ph.SR",
 keywords = {Sun: corona, Sun: oscillations, Sun: transition region, Sun: UV radiation},
     year = 2016,
    month = sep,
   volume = 828,
      eid = {23},
    pages = {23},
      doi = {10.3847/0004-637X/828/1/23},
   adsurl = {http://adsabs.harvard.edu/abs/2016ApJ...828...23S},
  adsnote = {Provided by the SAO/NASA Astrophysics Data System}
}
@ARTICLE{2016Mandal_EISSlowMode,
   author = {{Mandal}, S. and {Yuan}, D. and {Fang}, X. and {Banerjee}, D. and 
	{Pant}, V. and {Van Doorsselaere}, T.},
    title = "{Reflection of Propagating Slow Magneto-acoustic Waves in Hot Coronal Loops: Multi-instrument Observations and Numerical Modeling}",
  journal = {\apj},
archivePrefix = "arXiv",
   eprint = {1604.08133},
 primaryClass = "astro-ph.SR",
 keywords = {magnetohydrodynamics: MHD, Sun: corona, Sun: flares, Sun: magnetic fields, Sun: oscillations, Sun: UV radiation },
     year = 2016,
    month = sep,
   volume = 828,
      eid = {72},
    pages = {72},
      doi = {10.3847/0004-637X/828/2/72},
   adsurl = {http://adsabs.harvard.edu/abs/2016ApJ...828...72M},
  adsnote = {Provided by the SAO/NASA Astrophysics Data System}
}


@ARTICLE{Kontogiannis:2016,
   author = {{Kontogiannis}, I. and {Tsiropoula}, G. and {Tziotziou}, K.},
    title = "{Wave propagation in a solar quiet region and the influence of the magnetic canopy}",
  journal = {\aap},
archivePrefix = "arXiv",
   eprint = {1511.08618},
 primaryClass = "astro-ph.SR",
 keywords = {Sun: chromosphere, Sun: photosphere, Sun: oscillations, Sun: magnetic fields},
     year = 2016,
    month = jan,
   volume = 585,
      eid = {A110},
    pages = {A110},
      doi = {10.1051/0004-6361/201527053},
   adsurl = {http://adsabs.harvard.edu/abs/2016A%26A...585A.110K},
  adsnote = {Provided by the SAO/NASA Astrophysics Data System}
}
@ARTICLE{2016BrooksWarren_NTWidths,
   author = {{Brooks}, D.~H. and {Warren}, H.~P.},
    title = "{Measurements of Non-thermal Line Widths in Solar Active Regions}",
  journal = {\apj},
archivePrefix = "arXiv",
   eprint = {1511.02313},
 primaryClass = "astro-ph.SR",
 keywords = {methods: data analysis, Sun: corona, Sun: UV radiation},
     year = 2016,
    month = mar,
   volume = 820,
      eid = {63},
    pages = {63},
      doi = {10.3847/0004-637X/820/1/63},
   adsurl = {http://adsabs.harvard.edu/abs/2016ApJ...820...63B},
  adsnote = {Provided by the SAO/NASA Astrophysics Data System}
}

@ARTICLE{2016WedemeyerEA_SSRALMA,
   author = {{Wedemeyer}, S. and {Bastian}, T. and {Braj{\v s}a}, R. and 
	{Hudson}, H. and {Fleishman}, G. and {Loukitcheva}, M. and {Fleck}, B. and 
	{Kontar}, E.~P. and {De Pontieu}, B. and {Yagoubov}, P. and 
	{Tiwari}, S.~K. and {Soler}, R. and {Black}, J.~H. and {Antolin}, P. and 
	{Scullion}, E. and {Gun{\'a}r}, S. and {Labrosse}, N. and {Ludwig}, H.-G. and 
	{Benz}, A.~O. and {White}, S.~M. and {Hauschildt}, P. and {Doyle}, J.~G. and 
	{Nakariakov}, V.~M. and {Ayres}, T. and {Heinzel}, P. and {Karlicky}, M. and 
	{Van Doorsselaere}, T. and {Gary}, D. and {Alissandrakis}, C.~E. and 
	{Nindos}, A. and {Solanki}, S.~K. and {Rouppe van der Voort}, L. and 
	{Shimojo}, M. and {Kato}, Y. and {Zaqarashvili}, T. and {Perez}, E. and 
	{Selhorst}, C.~L. and {Barta}, M.},
    title = "{Solar Science with the Atacama Large Millimeter/Submillimeter Array{\mdash}A New View of Our Sun}",
  journal = {\ssr},
archivePrefix = "arXiv",
   eprint = {1504.06887},
 primaryClass = "astro-ph.SR",
 keywords = {Sun, Photosphere, Chromosphere, Corona, Magnetohydrodynamics, Radiative transfer, Flares, Prominences},
     year = 2016,
    month = apr,
   volume = 200,
    pages = {1-73},
      doi = {10.1007/s11214-015-0229-9},
   adsurl = {http://adsabs.harvard.edu/abs/2016SSRv..200....1W},
  adsnote = {Provided by the SAO/NASA Astrophysics Data System}
}

@ARTICLE{2016TestaEA_ARLoopsIRISEIS,
   author = {{Testa}, P. and {De Pontieu}, B. and {Hansteen}, V.},
    title = "{High Spatial Resolution Fe XII Observations of Solar Active Regions}",
  journal = {\apj},
archivePrefix = "arXiv",
   eprint = {1606.04603},
 primaryClass = "astro-ph.SR",
 keywords = {line: profiles, Sun: activity, Sun: corona, Sun: transition region, Sun: UV radiation, Sun: X-rays, gamma rays},
     year = 2016,
    month = aug,
   volume = 827,
      eid = {99},
    pages = {99},
      doi = {10.3847/0004-637X/827/2/99},
   adsurl = {http://adsabs.harvard.edu/abs/2016ApJ...827...99T},
  adsnote = {Provided by the SAO/NASA Astrophysics Data System}
}
@ARTICLE{2016SchmelzEA,
   author = {{Schmelz}, J.~T. and {Christian}, G.~M. and {Chastain}, R.~A.
	},
    title = "{The Coronal Loop Inventory Project: Expanded Analysis and Results}",
  journal = {\apj},
archivePrefix = "arXiv",
   eprint = {1705.09360},
 primaryClass = "astro-ph.SR",
 keywords = {Sun: corona, Sun: fundamental parameters, Sun: UV radiation },
     year = 2016,
    month = nov,
   volume = 831,
      eid = {199},
    pages = {199},
      doi = {10.3847/0004-637X/831/2/199},
   adsurl = {http://adsabs.harvard.edu/abs/2016ApJ...831..199S},
  adsnote = {Provided by the SAO/NASA Astrophysics Data System}
}
@ARTICLE{2016RussellEA_Sunquakes,
   author = {{Russell}, A.~J.~B. and {Mooney}, M.~K. and {Leake}, J.~E. and 
	{Hudson}, H.~S.},
    title = "{Sunquake Generation by Coronal Magnetic Restructuring}",
  journal = {\apj},
 keywords = {magnetohydrodynamics: MHD, Sun: atmosphere, Sun: coronal mass ejections: CMEs, Sun: flares, Sun: helioseismology, Sun: magnetic fields},
     year = 2016,
    month = nov,
   volume = 831,
      eid = {42},
    pages = {42},
      doi = {10.3847/0004-637X/831/1/42},
   adsurl = {http://adsabs.harvard.edu/abs/2016ApJ...831...42R},
  adsnote = {Provided by the SAO/NASA Astrophysics Data System}
}

@ARTICLE{2016LiuEA_MagCharJets,
   author = {{Liu}, J. and {Wang}, Y. and {Erd{\'e}lyi}, R. and {Liu}, R. and 
	{McIntosh}, S.~W. and {Gou}, T. and {Chen}, J. and {Liu}, K. and 
	{Liu}, L. and {Pan}, Z.},
    title = "{On the Magnetic and Energy Characteristics of Recurrent Homologous Jets from An Emerging Flux}",
  journal = {\apj},
archivePrefix = "arXiv",
   eprint = {1608.07705},
 primaryClass = "astro-ph.SR",
 keywords = {Sun: atmosphere, Sun: magnetic fields},
     year = 2016,
    month = dec,
   volume = 833,
      eid = {150},
    pages = {150},
      doi = {10.3847/1538-4357/833/2/150},
   adsurl = {http://adsabs.harvard.edu/abs/2016ApJ...833..150L},
  adsnote = {Provided by the SAO/NASA Astrophysics Data System}
}

@ARTICLE{2016Rijs,
   author = {{Rijs}, C. and {Rajaguru}, S.~P. and {Przybylski}, D. and {Moradi}, H. and 
	{Cally}, P.~S. and {Shelyag}, S.},
    title = "{3D Simulations of Realistic Power Halos in Magnetohydrostatic Sunspot Atmospheres: Linking Theory and Observation}",
  journal = {\apj},
archivePrefix = "arXiv",
   eprint = {1512.01297},
 primaryClass = "astro-ph.SR",
 keywords = {Sun: chromosphere, Sun: magnetic fields, Sun: oscillations, Sun: photosphere, sunspots},
     year = 2016,
    month = jan,
   volume = 817,
      eid = {45},
    pages = {45},
      doi = {10.3847/0004-637X/817/1/45},
   adsurl = {http://adsabs.harvard.edu/abs/2016ApJ...817...45R},
  adsnote = {Provided by the SAO/NASA Astrophysics Data System}
}



@ARTICLE{2016Zhao,
   author = {{Zhao}, J. and {Felipe}, T. and {Chen}, R. and {Khomenko}, E.
	},
    title = "{Tracing p-mode Waves from the Photosphere to the Corona in Active Regions}",
  journal = {\apjl},
 keywords = {magnetohydrodynamics: MHD, Sun: helioseismology, Sun: oscillations, sunspots, waves},
     year = 2016,
    month = oct,
   volume = 830,
      eid = {L17},
    pages = {L17},
      doi = {10.3847/2041-8205/830/1/L17},
   adsurl = {http://adsabs.harvard.edu/abs/2016ApJ...830L..17Z},
  adsnote = {Provided by the SAO/NASA Astrophysics Data System}
}



@ARTICLE{2017GhoshEA_LoopsIRISEIS,
   author = {{Ghosh}, A. and {Tripathi}, D. and {Gupta}, G.~R. and {Polito}, V. and 
	{Mason}, H.~E. and {Solanki}, S.~K.},
    title = "{Fan Loops Observed by IRIS, EIS, and AIA}",
  journal = {\apj},
archivePrefix = "arXiv",
   eprint = {1701.01617},
 primaryClass = "astro-ph.SR",
 keywords = {Sun: activity, Sun: chromosphere, Sun: corona, Sun: magnetic fields, Sun: transition region, Sun: UV radiation},
     year = 2017,
    month = feb,
   volume = 835,
      eid = {244},
    pages = {244},
      doi = {10.3847/1538-4357/835/2/244},
   adsurl = {http://adsabs.harvard.edu/abs/2017ApJ...835..244G},
  adsnote = {Provided by the SAO/NASA Astrophysics Data System}
}
@ARTICLE{2017ScherrerMcKenzie_SolarWavesBayes,
   author = {{Scherrer}, B. and {McKenzie}, D.},
    title = "{A Bayesian Approach to Period Searching in Solar Coronal Loops}",
  journal = {\apj},
 keywords = {methods: data analysis, methods: statistical, Sun: corona, Sun: X-rays, gamma rays},
     year = 2017,
    month = mar,
   volume = 837,
      eid = {24},
    pages = {24},
      doi = {10.3847/1538-4357/aa5d59},
   adsurl = {http://adsabs.harvard.edu/abs/2017ApJ...837...24S},
  adsnote = {Provided by the SAO/NASA Astrophysics Data System}
}

@ARTICLE{2017TarrEA_wavemodes,
   author = {{Tarr}, L.~A. and {Linton}, M. and {Leake}, J.},
    title = "{Magnetoacoustic Waves in a Stratified Atmosphere with a Magnetic Null Point}",
  journal = {\apj},
archivePrefix = "arXiv",
   eprint = {1611.06106},
 primaryClass = "astro-ph.SR",
 keywords = {magnetohydrodynamics: MHD, methods: numerical, Sun: chromosphere, Sun: magnetic fields, Sun: oscillations, waves },
     year = 2017,
    month = mar,
   volume = 837,
      eid = {94},
    pages = {94},
      doi = {10.3847/1538-4357/aa5e4e},
   adsurl = {http://adsabs.harvard.edu/abs/2017ApJ...837...94T},
  adsnote = {Provided by the SAO/NASA Astrophysics Data System}
}

@ARTICLE{2017Thurgood,
   author = {{Thurgood}, J.~O. and {Pontin}, D.~I. and {McLaughlin}, J.~A.
	},
    title = "{Three-dimensional Oscillatory Magnetic Reconnection}",
  journal = {\apj},
archivePrefix = "arXiv",
   eprint = {1706.09662},
 primaryClass = "astro-ph.SR",
 keywords = {magnetic reconnection, magnetohydrodynamics: MHD, plasmas, Sun: flares, Sun: oscillations, waves },
     year = 2017,
    month = jul,
   volume = 844,
      eid = {2},
    pages = {2},
      doi = {10.3847/1538-4357/aa79fa},
   adsurl = {http://adsabs.harvard.edu/abs/2017ApJ...844....2T},
  adsnote = {Provided by the SAO/NASA Astrophysics Data System}
}


@ARTICLE{2017ShimojoEA_ALMASolarInt,
   author = {{Shimojo}, M. and {Bastian}, T.~S. and {Hales}, A.~S. and {White}, S.~M. and 
	{Iwai}, K. and {Hills}, R.~E. and {Hirota}, A. and {Phillips}, N.~M. and 
	{Sawada}, T. and {Yagoubov}, P. and {Siringo}, G. and {Asayama}, S. and 
	{Sugimoto}, M. and {Braj{\v s}a}, R. and {Skoki{\'c}}, I. and 
	{B{\'a}rta}, M. and {Kim}, S. and {de Gregorio-Monsalvo}, I. and 
	{Corder}, S.~A. and {Hudson}, H.~S. and {Wedemeyer}, S. and 
	{Gary}, D.~E. and {De Pontieu}, B. and {Loukitcheva}, M. and 
	{Fleishman}, G.~D. and {Chen}, B. and {Kobelski}, A. and {Yan}, Y.
	},
    title = "{Observing the Sun with the Atacama Large Millimeter/submillimeter Array (ALMA): High-Resolution Interferometric Imaging}",
  journal = {\solphys},
archivePrefix = "arXiv",
   eprint = {1704.03236},
 primaryClass = "astro-ph.SR",
 keywords = {Radio emission, millimeter wave, Interferometer, ALMA, Instrumentation and data management},
     year = 2017,
    month = jul,
   volume = 292,
      eid = {87},
    pages = {87},
      doi = {10.1007/s11207-017-1095-2},
   adsurl = {http://adsabs.harvard.edu/abs/2017SoPh..292...87S},
  adsnote = {Provided by the SAO/NASA Astrophysics Data System}
}

@ARTICLE{2017WhiteEA_ALMASD,
   author = {{White}, S.~M. and {Iwai}, K. and {Phillips}, N.~M. and {Hills}, R.~E. and 
	{Hirota}, A. and {Yagoubov}, P. and {Siringo}, G. and {Shimojo}, M. and 
	{Bastian}, T.~S. and {Hales}, A.~S. and {Sawada}, T. and {Asayama}, S. and 
	{Sugimoto}, M. and {Marson}, R.~G. and {Kawasaki}, W. and {Muller}, E. and 
	{Nakazato}, T. and {Sugimoto}, K. and {Braj{\v s}a}, R. and 
	{Skoki{\'c}}, I. and {B{\'a}rta}, M. and {Kim}, S. and {Remijan}, A.~J. and 
	{de Gregorio}, I. and {Corder}, S.~A. and {Hudson}, H.~S. and 
	{Loukitcheva}, M. and {Chen}, B. and {De Pontieu}, B. and {Fleishmann}, G.~D. and 
	{Gary}, D.~E. and {Kobelski}, A. and {Wedemeyer}, S. and {Yan}, Y.
	},
    title = "{Observing the Sun with the Atacama Large Millimeter/submillimeter Array (ALMA): Fast-Scan Single-Dish Mapping}",
  journal = {\solphys},
archivePrefix = "arXiv",
   eprint = {1705.04766},
 primaryClass = "astro-ph.SR",
 keywords = {Radio emission, Chromosphere, Heating, chromospheric, Instrumentation and data management},
     year = 2017,
    month = jul,
   volume = 292,
      eid = {88},
    pages = {88},
      doi = {10.1007/s11207-017-1123-2},
   adsurl = {http://adsabs.harvard.edu/abs/2017SoPh..292...88W},
  adsnote = {Provided by the SAO/NASA Astrophysics Data System}
}
@ARTICLE{2017Benz_LRSP,
   author = {{Benz}, A.~O.},
    title = "{Flare Observations}",
  journal = {Living Reviews in Solar Physics},
 keywords = {Reconnection, X-ray emission, Flare radio emission, Particle acceleration, Magnetic energy release},
     year = 2017,
    month = dec,
   volume = 14,
      eid = {2},
    pages = {2},
      doi = {10.1007/s41116-016-0004-3},
   adsurl = {http://adsabs.harvard.edu/abs/2017LRSP...14....2B},
  adsnote = {Provided by the SAO/NASA Astrophysics Data System}
}
@ARTICLE{wuelser18,
       author = {{W{\"u}lser}, J. -P. and {Jaeggli}, S. and {De Pontieu}, B. and
         {Tarbell}, T. and {Boerner}, P. and {Freeland}, S. and {Liu}, W. and
         {Timmons}, R. and {Brannon}, S. and {Kankelborg}, C. and {Madsen}, C. and
         {McKillop}, S. and {Prchlik}, J. and {Saar}, S. and {Schanche}, N. and
         {Testa}, P. and {Bryans}, P. and {Wiesmann}, M.},
        title = "{Instrument Calibration of the Interface Region Imaging Spectrograph (IRIS) Mission}",
      journal = {\solphys},
     keywords = {Instrumentation: calibration},
         year = "2018",
        month = "Nov",
       volume = {293},
       number = {11},
          eid = {149},
        pages = {149},
          doi = {10.1007/s11207-018-1364-8},
       adsurl = {https://ui.adsabs.harvard.edu/abs/2018SoPh..293..149W},
      adsnote = {Provided by the SAO/NASA Astrophysics Data System}
}



@ARTICLE{2018Young,
       author = {{Young}, Peter R. and {Tian}, Hui and {Peter}, Hardi and
         {Rutten}, Robert J. and {Nelson}, Chris J. and {Huang}, Zhenghua and
         {Schmieder}, Brigitte and {Vissers}, Gregal J.~M. and {Toriumi}, Shin and
         {Rouppe van der Voort}, Luc H.~M. and {Madjarska}, Maria S. and
         {Danilovic}, Sanja and {Berlicki}, Arkadiusz and {Chitta}, L.~P. and
         {Cheung}, Mark C.~M. and {Madsen}, Chad and {Reardon}, Kevin P. and
         {Katsukawa}, Yukio and {Heinzel}, Petr},
        title = "{Solar Ultraviolet Bursts}",
      journal = {\ssr},
     keywords = {Sun: atmosphere, Sun: activity, Sun: UV radiation, Sun: transition region, Astrophysics - Solar and Stellar Astrophysics},
         year = "2018",
        month = "Dec",
       volume = {214},
       number = {8},
          eid = {120},
        pages = {120},
          doi = {10.1007/s11214-018-0551-0},
archivePrefix = {arXiv},
       eprint = {1805.05850},
 primaryClass = {astro-ph.SR},
       adsurl = {https://ui.adsabs.harvard.edu/abs/2018SSRv..214..120Y},
      adsnote = {Provided by the SAO/NASA Astrophysics Data System}
}
@ARTICLE{2018Kuhar,
       author = {{Kuhar}, Matej and {Krucker}, S{\"a}m and {Glesener}, Lindsay and {Hannah}, Iain G. and {Grefenstette}, Brian W. and {Smith}, David M. and {Hudson}, Hugh S. and {White}, Stephen M.},
        title = "{NuSTAR Detection of X-Ray Heating Events in the Quiet Sun}",
      journal = {\apjl},
     keywords = {Sun: flares, Sun: particle emission, Sun: X-rays, gamma rays, Astrophysics - Solar and Stellar Astrophysics, Astrophysics - High Energy Astrophysical Phenomena},
         year = 2018,
        month = apr,
       volume = {856},
       number = {2},
          eid = {L32},
        pages = {L32},
          doi = {10.3847/2041-8213/aab889},
archivePrefix = {arXiv},
       eprint = {1803.08365},
 primaryClass = {astro-ph.SR},
       adsurl = {https://ui.adsabs.harvard.edu/abs/2018ApJ...856L..32K},
      adsnote = {Provided by the SAO/NASA Astrophysics Data System}
}
@ARTICLE{2019Molnar,
       author = {{Molnar}, Momchil E. and {Reardon}, Kevin P. and {Chai}, Yi and
         {Gary}, Dale and {Uitenbroek}, Han and {Cauzzi}, Gianna and
         {Cranmer}, Steven R.},
        title = "{Solar Chromospheric Temperature Diagnostics: A Joint ALMA-H{\ensuremath{\alpha}} Analysis}",
      journal = {\apj},
     keywords = {millimeter astronomy, quiet solar chromosphere, radiative transfer, solar chromosphere, solar chromospheric heating, solar radio emission, Astrophysics - Solar and Stellar Astrophysics},
         year = "2019",
        month = "Aug",
       volume = {881},
       number = {2},
          eid = {99},
        pages = {99},
          doi = {10.3847/1538-4357/ab2ba3},
archivePrefix = {arXiv},
       eprint = {1906.08896},
 primaryClass = {astro-ph.SR},
       adsurl = {https://ui.adsabs.harvard.edu/abs/2019ApJ...881...99M},
      adsnote = {Provided by the SAO/NASA Astrophysics Data System}
}

@ARTICLE{2019Vissers,
       author = {{Vissers}, Gregal J.~M. and {Rouppe van der Voort}, Luc H.~M. and
         {Rutten}, Robert J.},
        title = "{Automating Ellerman bomb detection in ultraviolet continua}",
      journal = {\aap},
     keywords = {Sun: activity, Sun: atmosphere, Sun: magnetic fields, Sun: UV radiation, Astrophysics - Solar and Stellar Astrophysics},
         year = "2019",
        month = "Jun",
       volume = {626},
          eid = {A4},
        pages = {A4},
          doi = {10.1051/0004-6361/201834811},
archivePrefix = {arXiv},
       eprint = {1901.07975},
 primaryClass = {astro-ph.SR},
       adsurl = {https://ui.adsabs.harvard.edu/abs/2019A&A...626A...4V},
      adsnote = {Provided by the SAO/NASA Astrophysics Data System}
}

@ARTICLE{2006Thompson,
       author = {{Thompson}, W.~T.},
        title = "{Coordinate systems for solar image data}",
      journal = {\aap},
     keywords = {standards, Sun: general, techniques: image processing, astronomical data bases: miscellaneous, methods: data analysis},
         year = 2006,
        month = apr,
       volume = {449},
       number = {2},
        pages = {791-803},
          doi = {10.1051/0004-6361:20054262},
       adsurl = {https://ui.adsabs.harvard.edu/abs/2006A&A...449..791T},
      adsnote = {Provided by the SAO/NASA Astrophysics Data System}
}

@ARTICLE{2012Jaegglietal,
       author = {{Jaeggli}, S.~A. and {Lin}, H. and {Uitenbroek}, H.},
        title = "{On Molecular Hydrogen Formation and the Magnetohydrostatic Equilibrium of Sunspots}",
      journal = {\apj},
     keywords = {magnetic fields, molecular processes, Sun: infrared, sunspots, Astrophysics - Solar and Stellar Astrophysics},
         year = 2012,
        month = feb,
       volume = {745},
       number = {2},
          eid = {133},
        pages = {133},
          doi = {10.1088/0004-637X/745/2/133},
archivePrefix = {arXiv},
       eprint = {1110.0575},
 primaryClass = {astro-ph.SR},
       adsurl = {https://ui.adsabs.harvard.edu/abs/2012ApJ...745..133J},
      adsnote = {Provided by the SAO/NASA Astrophysics Data System}
}

@ARTICLE{2013Litesetal,
       author = {{Lites}, B.~W. and {Akin}, D.~L. and {Card}, G. and {Cruz}, T. and
         {Duncan}, D.~W. and {Edwards}, C.~G. and {Elmore}, D.~F. and
         {Hoffmann}, C. and {Katsukawa}, Y. and {Katz}, N. and {Kubo}, M. and
         {Ichimoto}, K. and {Shimizu}, T. and {Shine}, R.~A. and {Streand
        er}, K.~V. and {Suematsu}, A. and {Tarbell}, T.~D. and {Title}, A.~M. and
         {Tsuneta}, S.},
        title = "{The Hinode Spectro-Polarimeter}",
      journal = {\solphys},
     keywords = {Instrumentation and data management, Polarization, optical},
         year = 2013,
        month = apr,
       volume = {283},
       number = {2},
        pages = {579-599},
          doi = {10.1007/s11207-012-0206-3},
       adsurl = {https://ui.adsabs.harvard.edu/abs/2013SoPh..283..579L},
      adsnote = {Provided by the SAO/NASA Astrophysics Data System}
}

@ARTICLE{2013Lites&Ichimoto,
       author = {{Lites}, B.~W. and {Ichimoto}, K.},
        title = "{The SP\_PREP Data Preparation Package for the Hinode Spectro-Polarimeter}",
      journal = {\solphys},
     keywords = {Instrumentation and data management, Polarization, optical},
         year = 2013,
        month = apr,
       volume = {283},
       number = {2},
        pages = {601-629},
          doi = {10.1007/s11207-012-0205-4},
       adsurl = {https://ui.adsabs.harvard.edu/abs/2013SoPh..283..601L},
      adsnote = {Provided by the SAO/NASA Astrophysics Data System}
}

@ARTICLE{2013Schad,
       author = {{Schad}, T.~A. and {Penn}, M.~J. and {Lin}, H.},
        title = "{He I Vector Magnetometry of Field-aligned Superpenumbral Fibrils}",
      journal = {\apj},
     keywords = {magnetic fields, Sun: atmosphere, Sun: chromosphere, Sun: infrared, Astrophysics - Solar and Stellar Astrophysics},
         year = 2013,
        month = may,
       volume = {768},
       number = {2},
          eid = {111},
        pages = {111},
          doi = {10.1088/0004-637X/768/2/111},
archivePrefix = {arXiv},
       eprint = {1303.4463},
 primaryClass = {astro-ph.SR},
       adsurl = {https://ui.adsabs.harvard.edu/abs/2013ApJ...768..111S},
      adsnote = {Provided by the SAO/NASA Astrophysics Data System}
}

@INPROCEEDINGS{collados03,
       author = {{Collados}, Manuel V.},
        title = "{Stokes polarimeters in the near-infrared}",
    booktitle = {Polarimetry in Astronomy},
         year = 2003,
       editor = {{Fineschi}, Silvano},
       series = {Society of Photo-Optical Instrumentation Engineers (SPIE) Conference Series},
       volume = {4843},
        month = feb,
        pages = {55-65},
          doi = {10.1117/12.459370},
       adsurl = {https://ui.adsabs.harvard.edu/abs/2003SPIE.4843...55C},
      adsnote = {Provided by the SAO/NASA Astrophysics Data System}
}

@INPROCEEDINGS{casa,
       author = {{McMullin}, J.~P. and {Waters}, B. and {Schiebel}, D. and {Young}, W. and {Golap}, K.},
        title = "{CASA Architecture and Applications}",
    booktitle = {Astronomical Data Analysis Software and Systems XVI},
         year = 2007,
       editor = {{Shaw}, R.~A. and {Hill}, F. and {Bell}, D.~J.},
       series = {Astronomical Society of the Pacific Conference Series},
       volume = {376},
        month = oct,
        pages = {127},
       adsurl = {https://ui.adsabs.harvard.edu/abs/2007ASPC..376..127M},
      adsnote = {Provided by the SAO/NASA Astrophysics Data System}
}

@Article{2020Harris,
 title         = {Array programming with {NumPy}},
 author        = {Charles R. Harris and K. Jarrod Millman and St{\'{e}}fan J.
                 van der Walt and Ralf Gommers and Pauli Virtanen and David
                 Cournapeau and Eric Wieser and Julian Taylor and Sebastian
                 Berg and Nathaniel J. Smith and Robert Kern and Matti Picus
                 and Stephan Hoyer and Marten H. van Kerkwijk and Matthew
                 Brett and Allan Haldane and Jaime Fern{\'{a}}ndez del
                 R{\'{i}}o and Mark Wiebe and Pearu Peterson and Pierre
                 G{\'{e}}rard-Marchant and Kevin Sheppard and Tyler Reddy and
                 Warren Weckesser and Hameer Abbasi and Christoph Gohlke and
                 Travis E. Oliphant},
 year          = {2020},
 month         = sep,
 journal       = {Nature},
 volume        = {585},
 number        = {7825},
 pages         = {357--362},
 doi           = {10.1038/s41586-020-2649-2},
 publisher     = {Springer Science and Business Media {LLC}},
 url           = {https://doi.org/10.1038/s41586-020-2649-2}
}
@ARTICLE{2020sunpy,
  doi = {10.3847/1538-4357/ab4f7a},
  url = {https://iopscience.iop.org/article/10.3847/1538-4357/ab4f7a},
  author = {{The SunPy Community} and Barnes, Will T. and Bobra, Monica G. and Christe, Steven D. and Freij, Nabil and Hayes, Laura A. and Ireland, Jack and Mumford, Stuart and Perez-Suarez, David and Ryan, Daniel F. and Shih, Albert Y. and Chanda, Prateek and Glogowski, Kolja and Hewett, Russell and Hughitt, V. Keith and Hill, Andrew and Hiware, Kaustubh and Inglis, Andrew and Kirk, Michael S. F. and Konge, Sudarshan and Mason, James Paul and Maloney, Shane Anthony and Murray, Sophie A. and Panda, Asish and Park, Jongyeob and Pereira, Tiago M. D. and Reardon, Kevin and Savage, Sabrina and Sipőcz, Brigitta M. and Stansby, David and Jain, Yash and Taylor, Garrison and Yadav, Tannmay and Rajul and Dang, Trung Kien},
  title = {The SunPy Project: Open Source Development and Status of the Version 1.0 Core Package},
  journal = {The Astrophysical Journal},
  volume = {890},
  issue = {1},
  pages = {68-},
  publisher = {American Astronomical Society},
  year = {2020}
}